,time,price,change,vol,amount,type
0,09:25:04,28.65,0.0,20476,58663740,买盘
1,09:30:00,28.61,-0.04,201,575225,卖盘
2,09:30:04,28.6,-0.01,6627,18948259,卖盘
3,09:30:06,28.58,-0.02,718,2053177,卖盘
4,09:30:09,28.56,-0.02,652,1862862,卖盘
5,09:30:12,28.56,0.0,1124,3207849,买盘
6,09:30:15,28.5,-0.06,1014,2890827,卖盘
7,09:30:18,28.51,0.01,195,555824,买盘
8,09:30:21,28.51,0.0,544,1550644,买盘
9,09:30:24,28.51,0.0,1440,4104347,买盘
10,09:30:27,28.5,-0.01,265,755331,卖盘
11,09:30:30,28.5,0.0,866,2468275,卖盘
12,09:30:33,28.51,0.01,1674,4771196,买盘
13,09:30:36,28.5,-0.01,1315,3748947,卖盘
14,09:30:39,28.48,-0.02,137,390372,卖盘
15,09:30:42,28.48,0.0,52,148083,卖盘
16,09:30:45,28.47,-0.01,1029,2931824,中性盘
17,09:30:48,28.46,-0.01,732,2083834,卖盘
18,09:30:51,28.48,0.02,1216,3459434,买盘
19,09:30:54,28.45,-0.03,906,2578252,卖盘
20,09:30:57,28.44,-0.01,419,1191910,卖盘
21,09:31:00,28.45,0.01,322,916037,买盘
22,09:31:04,28.43,-0.02,1242,3533238,卖盘
23,09:31:06,28.43,0.0,579,1646084,卖盘
24,09:31:09,28.42,-0.01,494,1404578,卖盘
25,09:31:12,28.42,0.0,1215,3454181,卖盘
26,09:31:15,28.42,0.0,752,2137332,卖盘
27,09:31:19,28.41,-0.01,135,383740,卖盘
28,09:31:21,28.42,0.01,882,2508094,买盘
29,09:31:24,28.42,0.0,402,1142503,卖盘
30,09:31:27,28.45,0.03,607,1726108,买盘
31,09:31:30,28.45,0.0,771,2192887,买盘
32,09:31:33,28.47,0.02,1085,3087833,买盘
33,09:31:36,28.47,0.0,339,967925,卖盘
34,09:31:39,28.48,0.01,99,282013,中性盘
35,09:31:42,28.46,-0.02,648,1844857,卖盘
36,09:31:45,28.48,0.02,1143,3257828,中性盘
37,09:31:48,28.46,-0.02,137,390098,卖盘
38,09:31:51,28.48,0.02,254,723130,买盘
39,09:31:54,28.46,-0.02,1056,3002216,卖盘
40,09:31:57,28.46,0.0,2563,7298798,买盘
41,09:32:00,28.55,0.09,218,621053,买盘
42,09:32:04,28.56,0.01,376,1071420,买盘
43,09:32:06,28.48,-0.08,233,663480,中性盘
44,09:32:09,28.46,-0.02,1915,5447594,卖盘
45,09:32:12,28.45,-0.01,468,1331578,中性盘
46,09:32:15,28.46,0.01,119,338655,买盘
47,09:32:18,28.5,0.04,133,378668,买盘
48,09:32:21,28.53,0.03,330,939910,买盘
49,09:32:24,28.5,-0.03,2521,7175553,中性盘
50,09:32:27,28.48,-0.02,181,515925,卖盘
51,09:32:30,28.5,0.02,27,76934,买盘
52,09:32:33,28.5,0.0,322,917322,买盘
53,09:32:36,28.5,0.0,1011,2879168,买盘
54,09:32:39,28.47,-0.03,344,979461,卖盘
55,09:32:42,28.48,0.01,139,395834,买盘
56,09:32:45,28.48,0.0,180,512551,卖盘
57,09:32:48,28.5,0.02,693,1974672,买盘
58,09:32:51,28.48,-0.02,457,1302319,卖盘
59,09:32:54,28.5,0.02,72,205226,买盘
60,09:32:57,28.53,0.03,747,2128555,买盘
61,09:33:00,28.48,-0.05,95,270788,卖盘
62,09:33:04,28.5,0.02,81,230855,买盘
63,09:33:06,28.5,0.0,148,422031,卖盘
64,09:33:09,28.51,0.01,598,1704311,中性盘
65,09:33:12,28.5,-0.01,127,362071,卖盘
66,09:33:15,28.5,0.0,387,1102981,卖盘
67,09:33:18,28.52,0.02,212,604554,买盘
68,09:33:21,28.53,0.01,202,576283,买盘
69,09:33:24,28.56,0.03,377,1076176,买盘
70,09:33:27,28.54,-0.02,196,559387,卖盘
71,09:33:30,28.58,0.04,617,1763448,买盘
72,09:33:33,28.56,-0.02,72,205700,买盘
73,09:33:36,28.56,0.0,455,1300461,卖盘
74,09:33:39,28.56,0.0,166,474184,卖盘
75,09:33:42,28.55,-0.01,131,374094,卖盘
76,09:33:45,28.55,0.0,41,117063,卖盘
77,09:33:48,28.55,0.0,102,291183,卖盘
78,09:33:51,28.55,0.0,169,482541,买盘
79,09:33:54,28.54,-0.01,100,285440,卖盘
80,09:33:57,28.55,0.01,518,1479032,买盘
81,09:34:00,28.55,0.0,125,356877,卖盘
82,09:34:04,28.55,0.0,421,1202052,卖盘
83,09:34:06,28.56,0.01,559,1596135,买盘
84,09:34:09,28.54,-0.02,123,351121,卖盘
85,09:34:12,28.55,0.01,1056,3016022,买盘
86,09:34:15,28.54,-0.01,25,71364,卖盘
87,09:34:18,28.55,0.01,227,648100,买盘
88,09:34:21,28.55,0.0,130,371191,卖盘
89,09:34:24,28.55,0.0,431,1231758,卖盘
90,09:34:27,28.6,0.05,32,91434,买盘
91,09:34:30,28.55,-0.05,240,687764,卖盘
92,09:34:33,28.58,0.03,711,2031957,卖盘
93,09:34:36,28.62,0.04,373,1066483,买盘
94,09:34:39,28.6,-0.02,291,832385,卖盘
95,09:34:42,28.6,0.0,27,77221,卖盘
96,09:34:45,28.6,0.0,650,1859342,卖盘
97,09:34:48,28.61,0.01,53,151663,卖盘
98,09:34:52,28.61,0.0,65,186002,卖盘
99,09:34:54,28.61,0.0,625,1788322,卖盘
100,09:34:57,28.63,0.02,140,400671,买盘
101,09:35:00,28.63,0.0,374,1069985,买盘
102,09:35:04,28.62,-0.01,154,440863,买盘
103,09:35:06,28.64,0.02,174,498284,买盘
104,09:35:09,28.63,-0.01,469,1343090,卖盘
105,09:35:12,28.64,0.01,644,1844782,买盘
106,09:35:15,28.67,0.03,907,2599744,买盘
107,09:35:18,28.69,0.02,773,2215165,买盘
108,09:35:21,28.69,0.0,438,1256555,买盘
109,09:35:24,28.69,0.0,279,800350,买盘
110,09:35:27,28.69,0.0,177,507800,中性盘
111,09:35:30,28.69,0.0,259,743076,卖盘
112,09:35:33,28.66,-0.03,329,943713,中性盘
113,09:35:36,28.68,0.02,407,1167253,买盘
114,09:35:39,28.65,-0.03,378,1083185,卖盘
115,09:35:42,28.67,0.02,274,785731,买盘
116,09:35:45,28.65,-0.02,365,1046449,卖盘
117,09:35:48,28.67,0.02,583,1670552,买盘
118,09:35:51,28.65,-0.02,201,575988,卖盘
119,09:35:54,28.65,0.0,657,1882071,买盘
120,09:35:57,28.64,-0.01,663,1898668,卖盘
121,09:36:00,28.63,-0.01,479,1371725,卖盘
122,09:36:04,28.63,0.0,940,2691348,卖盘
123,09:36:06,28.63,0.0,781,2235907,卖盘
124,09:36:09,28.6,-0.03,1375,3932773,卖盘
125,09:36:12,28.55,-0.05,475,1357722,卖盘
126,09:36:15,28.55,0.0,545,1556875,卖盘
127,09:36:18,28.55,0.0,779,2224030,卖盘
128,09:36:21,28.52,-0.03,1080,3081832,卖盘
129,09:36:24,28.55,0.03,212,605030,买盘
130,09:36:27,28.53,-0.02,515,1469299,卖盘
131,09:36:30,28.52,-0.01,1166,3329790,卖盘
132,09:36:33,28.6,0.08,1174,3353194,买盘
133,09:36:36,28.52,-0.08,858,2452850,卖盘
134,09:36:39,28.56,0.04,117,334095,中性盘
135,09:36:42,28.55,-0.01,185,528253,卖盘
136,09:36:45,28.54,-0.01,188,536681,中性盘
137,09:36:48,28.54,0.0,136,388227,买盘
138,09:36:51,28.54,0.0,78,222780,卖盘
139,09:36:54,28.53,-0.01,393,1121302,卖盘
140,09:36:57,28.53,0.0,117,333972,卖盘
141,09:37:00,28.52,-0.01,486,1386409,卖盘
142,09:37:04,28.52,0.0,517,1474807,卖盘
143,09:37:06,28.5,-0.02,842,2401127,卖盘
144,09:37:09,28.51,0.01,222,632938,卖盘
145,09:37:12,28.5,-0.01,129,367799,卖盘
146,09:37:15,28.51,0.01,225,641565,买盘
147,09:37:18,28.53,0.02,460,1311762,买盘
148,09:37:21,28.53,0.0,486,1385778,买盘
149,09:37:24,28.56,0.03,634,1809168,买盘
150,09:37:27,28.51,-0.05,289,824067,卖盘
151,09:37:30,28.51,0.0,845,2409260,买盘
152,09:37:33,28.51,0.0,430,1226224,卖盘
153,09:37:36,28.51,0.0,375,1069308,卖盘
154,09:37:39,28.51,0.0,197,561806,卖盘
155,09:37:42,28.52,0.01,601,1713785,买盘
156,09:37:45,28.51,-0.01,628,1791129,卖盘
157,09:37:48,28.54,0.03,532,1516887,买盘
158,09:37:51,28.55,0.01,165,470915,买盘
159,09:37:54,28.55,0.0,81,231178,卖盘
160,09:37:57,28.55,0.0,52,148493,卖盘
161,09:38:00,28.55,0.0,65,185575,卖盘
162,09:38:04,28.53,-0.02,39,111334,中性盘
163,09:38:06,28.54,0.01,53,151217,买盘
164,09:38:09,28.54,0.0,93,265458,买盘
165,09:38:12,28.54,0.0,209,596477,卖盘
166,09:38:15,28.52,-0.02,521,1485040,卖盘
167,09:38:18,28.5,-0.02,900,2565493,卖盘
168,09:38:21,28.47,-0.03,1142,3253751,卖盘
169,09:38:24,28.46,-0.01,730,2078447,卖盘
170,09:38:27,28.45,-0.01,523,1488747,卖盘
171,09:38:30,28.44,-0.01,1072,3050084,卖盘
172,09:38:33,28.45,0.01,1513,4304814,买盘
173,09:38:36,28.48,0.03,611,1739204,买盘
174,09:38:39,28.44,-0.04,207,588805,卖盘
175,09:38:42,28.44,0.0,1159,3295635,卖盘
176,09:38:45,28.47,0.03,802,2280973,买盘
177,09:38:48,28.45,-0.02,267,760657,卖盘
178,09:38:51,28.44,-0.01,667,1898835,卖盘
179,09:38:54,28.47,0.03,85,241960,卖盘
180,09:38:57,28.41,-0.06,1018,2892761,卖盘
181,09:39:00,28.47,0.06,130,369813,买盘
182,09:39:04,28.42,-0.05,241,686281,卖盘
183,09:39:06,28.42,0.0,51,145027,卖盘
184,09:39:09,28.45,0.03,30,85350,卖盘
185,09:39:12,28.45,0.0,165,468026,中性盘
186,09:39:15,28.45,0.0,93,264594,中性盘
187,09:39:18,28.45,0.0,459,1305559,买盘
188,09:39:21,28.45,0.0,289,823109,卖盘
189,09:39:24,28.4,-0.05,3832,10887612,卖盘
190,09:39:27,28.44,0.04,1325,3765634,买盘
191,09:39:30,28.44,0.0,243,691075,买盘
192,09:39:33,28.45,0.01,522,1483575,买盘
193,09:39:36,28.44,-0.01,210,597159,买盘
194,09:39:39,28.43,-0.01,411,1169273,卖盘
195,09:39:42,28.43,0.0,159,451996,卖盘
196,09:39:45,28.42,-0.01,511,1452739,卖盘
197,09:39:48,28.42,0.0,195,554272,卖盘
198,09:39:51,28.42,0.0,118,335352,买盘
199,09:39:54,28.44,0.02,680,1932704,买盘
200,09:39:57,28.43,-0.01,203,577214,卖盘
201,09:40:00,28.42,-0.01,112,318358,卖盘
202,09:40:04,28.42,0.0,2647,7521836,卖盘
203,09:40:07,28.45,0.03,2330,6620165,买盘
204,09:40:09,28.38,-0.07,1717,4875672,卖盘
205,09:40:12,28.38,0.0,630,1787914,买盘
206,09:40:15,28.41,0.03,1410,4002891,买盘
207,09:40:18,28.38,-0.03,762,2165029,卖盘
208,09:40:21,28.38,0.0,282,800223,中性盘
209,09:40:25,28.36,-0.02,374,1060927,卖盘
210,09:40:27,28.4,0.04,1468,4168566,买盘
211,09:40:30,28.38,-0.02,671,1906020,卖盘
212,09:40:33,28.38,0.0,369,1047900,卖盘
213,09:40:36,28.38,0.0,111,315013,卖盘
214,09:40:39,28.38,0.0,20,56760,买盘
215,09:40:42,28.38,0.0,562,1594901,买盘
216,09:40:45,28.38,0.0,696,1975436,卖盘
217,09:40:48,28.38,0.0,446,1266000,卖盘
218,09:40:51,28.38,0.0,1930,5472800,卖盘
219,09:40:54,28.35,-0.03,355,1007532,卖盘
220,09:40:57,28.38,0.03,64,181631,买盘
221,09:41:00,28.36,-0.02,28,79398,卖盘
222,09:41:03,28.36,0.0,268,759979,买盘
223,09:41:06,28.36,0.0,181,513255,买盘
224,09:41:09,28.36,0.0,341,967143,卖盘
225,09:41:12,28.38,0.02,607,1721485,买盘
226,09:41:15,28.36,-0.02,67,190033,卖盘
227,09:41:18,28.35,-0.01,228,646689,卖盘
228,09:41:21,28.36,0.01,109,309119,买盘
229,09:41:24,28.36,0.0,189,535924,买盘
230,09:41:27,28.36,0.0,814,2308515,卖盘
231,09:41:30,28.36,0.0,252,714681,卖盘
232,09:41:33,28.35,-0.01,223,632326,卖盘
233,09:41:36,28.34,-0.01,1139,3229536,卖盘
234,09:41:39,28.33,-0.01,252,714327,卖盘
235,09:41:42,28.33,0.0,170,481616,卖盘
236,09:41:45,28.33,0.0,210,594890,卖盘
237,09:41:48,28.33,0.0,221,625959,买盘
238,09:41:51,28.31,-0.02,555,1571684,卖盘
239,09:41:54,28.32,0.01,114,322769,买盘
240,09:41:57,28.31,-0.01,446,1262643,卖盘
241,09:42:00,28.3,-0.01,262,741529,卖盘
242,09:42:04,28.3,0.0,488,1381384,卖盘
243,09:42:07,28.29,-0.01,137,387643,卖盘
244,09:42:09,28.3,0.01,77,217816,买盘
245,09:42:12,28.3,0.0,209,591158,买盘
246,09:42:15,28.28,-0.02,220,622352,买盘
247,09:42:18,28.28,0.0,135,381757,卖盘
248,09:42:21,28.26,-0.02,52,147001,卖盘
249,09:42:24,28.26,0.0,171,483314,卖盘
250,09:42:27,28.26,0.0,224,633049,卖盘
251,09:42:30,28.25,-0.01,241,681061,卖盘
252,09:42:33,28.25,0.0,245,692300,卖盘
253,09:42:36,28.24,-0.01,809,2285927,卖盘
254,09:42:39,28.25,0.01,492,1390030,买盘
255,09:42:42,28.25,0.0,807,2279831,卖盘
256,09:42:45,28.24,-0.01,3392,9577122,卖盘
257,09:42:48,28.27,0.03,459,1297276,买盘
258,09:42:51,28.24,-0.03,568,1605442,卖盘
259,09:42:54,28.25,0.01,262,740231,买盘
260,09:42:57,28.24,-0.01,101,285414,卖盘
261,09:43:00,28.24,0.0,318,898269,卖盘
262,09:43:04,28.25,0.01,211,596060,买盘
263,09:43:06,28.23,-0.02,450,1271154,卖盘
264,09:43:09,28.3,0.07,703,1987290,买盘
265,09:43:12,28.26,-0.04,262,740580,卖盘
266,09:43:15,28.23,-0.03,481,1358721,卖盘
267,09:43:18,28.28,0.05,21,59387,买盘
268,09:43:21,28.26,-0.02,77,217808,卖盘
269,09:43:24,28.3,0.04,173,489145,买盘
270,09:43:27,28.28,-0.02,92,260262,卖盘
271,09:43:30,28.3,0.02,149,421400,买盘
272,09:43:33,28.27,-0.03,711,2011461,中性盘
273,09:43:36,28.28,0.01,130,367725,中性盘
274,09:43:39,28.29,0.01,85,240461,买盘
275,09:43:42,28.3,0.01,51,144289,买盘
276,09:43:45,28.29,-0.01,138,390439,卖盘
277,09:43:48,28.3,0.01,262,741532,买盘
278,09:43:51,28.3,0.0,383,1084233,卖盘
279,09:43:54,28.31,0.01,407,1150262,买盘
280,09:43:57,28.33,0.02,631,1786860,买盘
281,09:44:00,28.32,-0.01,70,198310,卖盘
282,09:44:04,28.33,0.01,127,359796,中性盘
283,09:44:06,28.31,-0.02,486,1377835,卖盘
284,09:44:09,28.34,0.03,193,547070,卖盘
285,09:44:12,28.35,0.01,195,552760,买盘
286,09:44:15,28.35,0.0,214,606752,卖盘
287,09:44:18,28.38,0.03,254,720400,买盘
288,09:44:21,28.34,-0.04,421,1193537,卖盘
289,09:44:24,28.34,0.0,358,1015332,卖盘
290,09:44:27,28.37,0.03,43,121990,买盘
291,09:44:30,28.36,-0.01,257,728989,中性盘
292,09:44:33,28.35,-0.01,269,762637,卖盘
293,09:44:36,28.35,0.0,112,316199,买盘
294,09:44:39,28.34,-0.01,146,415129,卖盘
295,09:44:42,28.34,0.0,59,167181,买盘
296,09:44:45,28.35,0.01,269,762214,买盘
297,09:44:48,28.33,-0.02,139,393790,卖盘
298,09:44:51,28.33,0.0,56,158696,卖盘
299,09:44:54,28.35,0.02,1296,3675126,买盘
300,09:44:57,28.33,-0.02,214,607031,卖盘
301,09:45:00,28.34,0.01,65,184174,买盘
302,09:45:04,28.35,0.01,61,172940,买盘
303,09:45:06,28.35,0.0,44,123433,买盘
304,09:45:09,28.35,0.0,133,377055,买盘
305,09:45:12,28.35,0.0,19,53865,卖盘
306,09:45:15,28.34,-0.01,30,85032,卖盘
307,09:45:18,28.35,0.01,381,1079239,买盘
308,09:45:21,28.35,0.0,40,113398,买盘
309,09:45:24,28.34,-0.01,87,246615,中性盘
310,09:45:27,28.34,0.0,230,651577,买盘
311,09:45:30,28.35,0.01,91,257926,买盘
312,09:45:33,28.33,-0.02,123,348643,卖盘
313,09:45:36,28.31,-0.02,112,317218,卖盘
314,09:45:39,28.32,0.01,11,31157,卖盘
315,09:45:42,28.33,0.01,40,113343,买盘
316,09:45:45,28.32,-0.01,101,286035,卖盘
317,09:45:48,28.32,0.0,165,467298,买盘
318,09:45:51,28.33,0.01,71,201146,买盘
319,09:45:54,28.31,-0.02,163,461585,卖盘
320,09:45:57,28.32,0.01,76,215225,买盘
321,09:46:00,28.31,-0.01,177,501214,卖盘
322,09:46:04,28.32,0.01,175,495637,中性盘
323,09:46:06,28.33,0.01,82,233809,买盘
324,09:46:09,28.33,0.0,306,866769,卖盘
325,09:46:12,28.33,0.0,186,526910,卖盘
326,09:46:15,28.35,0.02,634,1796579,买盘
327,09:46:18,28.33,-0.02,377,1068632,买盘
328,09:46:21,28.35,0.02,109,308923,买盘
329,09:46:24,28.35,0.0,187,530017,买盘
330,09:46:27,28.35,0.0,72,204036,买盘
331,09:46:30,28.35,0.0,1044,2959048,买盘
332,09:46:33,28.39,0.04,1767,5016032,买盘
333,09:46:36,28.44,0.05,620,1760102,买盘
334,09:46:39,28.45,0.01,152,432404,买盘
335,09:46:42,28.45,0.0,145,412559,买盘
336,09:46:45,28.47,0.02,644,1833652,买盘
337,09:46:48,28.49,0.02,660,1879872,买盘
338,09:46:51,28.49,0.0,1305,3719180,卖盘
339,09:46:54,28.52,0.03,106,302329,买盘
340,09:46:57,28.51,-0.01,198,564981,卖盘
341,09:47:00,28.51,0.0,726,2072481,卖盘
342,09:47:03,28.51,0.0,737,2101238,卖盘
343,09:47:06,28.52,0.01,261,745724,买盘
344,09:47:09,28.52,0.0,109,310980,买盘
345,09:47:12,28.5,-0.02,274,779931,卖盘
346,09:47:16,28.54,0.04,516,1473627,买盘
347,09:47:18,28.53,-0.01,257,733293,卖盘
348,09:47:21,28.54,0.01,79,225378,买盘
349,09:47:24,28.51,-0.03,186,530360,卖盘
350,09:47:27,28.51,0.0,122,347756,买盘
351,09:47:30,28.51,0.0,607,1729623,买盘
352,09:47:33,28.5,-0.01,202,575719,买盘
353,09:47:36,28.5,0.0,288,819539,卖盘
354,09:47:39,28.5,0.0,1448,4129018,卖盘
355,09:47:42,28.48,-0.02,627,1786942,卖盘
356,09:47:45,28.48,0.0,81,230810,卖盘
357,09:47:48,28.49,0.01,225,641101,中性盘
358,09:47:51,28.49,0.0,72,205090,买盘
359,09:47:54,28.49,0.0,382,1088042,买盘
360,09:47:57,28.48,-0.01,178,507093,卖盘
361,09:48:00,28.48,0.0,23,65504,买盘
362,09:48:04,28.47,-0.01,191,543956,卖盘
363,09:48:06,28.47,0.0,166,471349,卖盘
364,09:48:09,28.48,0.01,638,1813620,买盘
365,09:48:12,28.47,-0.01,40,113852,中性盘
366,09:48:15,28.45,-0.02,548,1559755,买盘
367,09:48:18,28.48,0.03,737,2095711,买盘
368,09:48:21,28.43,-0.05,114,324372,卖盘
369,09:48:24,28.43,0.0,156,443433,买盘
370,09:48:27,28.42,-0.01,156,443385,卖盘
371,09:48:30,28.44,0.02,55,156343,买盘
372,09:48:33,28.42,-0.02,318,903850,卖盘
373,09:48:36,28.42,0.0,240,681437,卖盘
374,09:48:39,28.44,0.02,1531,4361884,买盘
375,09:48:42,28.42,-0.02,175,498284,卖盘
376,09:48:45,28.44,0.02,28,79653,买盘
377,09:48:48,28.45,0.01,177,503562,买盘
378,09:48:51,28.45,0.0,63,179272,卖盘
379,09:48:54,28.45,0.0,83,236160,卖盘
380,09:48:57,28.45,0.0,90,256104,卖盘
381,09:49:00,28.45,0.0,97,276093,卖盘
382,09:49:04,28.45,0.0,223,634464,买盘
383,09:49:06,28.45,0.0,135,385594,买盘
384,09:49:09,28.45,0.0,40,113835,卖盘
385,09:49:12,28.5,0.05,1033,2941207,买盘
386,09:49:15,28.5,0.0,247,704006,卖盘
387,09:49:18,28.51,0.01,40,114051,中性盘
388,09:49:21,28.51,0.0,66,188229,卖盘
389,09:49:24,28.5,-0.01,897,2556633,卖盘
390,09:49:27,28.52,0.02,1117,3183690,买盘
391,09:49:30,28.49,-0.03,54,153974,卖盘
392,09:49:33,28.46,-0.03,107,304822,卖盘
393,09:49:36,28.42,-0.04,436,1239932,卖盘
394,09:49:39,28.42,0.0,32,91136,卖盘
395,09:49:42,28.43,0.01,11,31300,买盘
396,09:49:45,28.43,0.0,7,19902,买盘
397,09:49:48,28.42,-0.01,320,909686,卖盘
398,09:49:51,28.44,0.02,19,54027,买盘
399,09:49:54,28.46,0.02,19,54108,卖盘
400,09:49:57,28.46,0.0,1,2846,卖盘
401,09:50:00,28.47,0.01,22,62633,买盘
402,09:50:04,28.46,-0.01,118,335864,卖盘
403,09:50:06,28.45,-0.01,157,446629,卖盘
404,09:50:09,28.46,0.01,40,113837,买盘
405,09:50:12,28.45,-0.01,543,1545354,卖盘
406,09:50:15,28.44,-0.01,80,227652,卖盘
407,09:50:18,28.46,0.02,147,418158,买盘
408,09:50:21,28.45,-0.01,176,500722,卖盘
409,09:50:24,28.46,0.01,173,492215,买盘
410,09:50:27,28.45,-0.01,14,39830,买盘
411,09:50:30,28.43,-0.02,431,1225485,卖盘
412,09:50:33,28.43,0.0,114,324096,买盘
413,09:50:36,28.43,0.0,28,81153,买盘
414,09:50:39,28.43,0.0,337,958049,买盘
415,09:50:42,28.41,-0.02,61,173358,卖盘
416,09:50:45,28.4,-0.01,61,173294,卖盘
417,09:50:48,28.4,0.0,97,275514,卖盘
418,09:50:51,28.41,0.01,42,119319,买盘
419,09:50:54,28.42,0.01,65,184652,买盘
420,09:50:57,28.4,-0.02,377,1068896,卖盘
421,09:51:00,28.41,0.01,23,65331,买盘
422,09:51:04,28.4,-0.01,108,306663,买盘
423,09:51:06,28.4,0.0,34,98073,买盘
424,09:51:09,28.4,0.0,20,56776,买盘
425,09:51:12,28.4,0.0,152,431609,买盘
426,09:51:15,28.38,-0.02,25,70957,卖盘
427,09:51:18,28.39,0.01,7,19872,买盘
428,09:51:21,28.38,-0.01,53,150436,卖盘
429,09:51:24,28.38,0.0,63,178802,卖盘
430,09:51:27,28.38,0.0,98,278179,卖盘
431,09:51:30,28.39,0.01,277,785128,买盘
432,09:51:33,28.37,-0.02,778,2210253,卖盘
433,09:51:36,28.4,0.03,655,1860365,买盘
434,09:51:39,28.4,0.0,501,1422931,卖盘
435,09:51:42,28.4,0.0,21,59655,卖盘
436,09:51:45,28.42,0.02,240,681829,买盘
437,09:51:48,28.41,-0.01,629,1787282,卖盘
438,09:51:51,28.44,0.03,311,883200,买盘
439,09:51:54,28.44,0.0,33,93877,卖盘
440,09:51:57,28.45,0.01,109,310004,买盘
441,09:52:00,28.44,-0.01,137,389390,中性盘
442,09:52:04,28.43,-0.01,52,147828,买盘
443,09:52:06,28.43,0.0,25,72629,卖盘
444,09:52:09,28.44,0.01,1,2844,买盘
445,09:52:12,28.44,0.0,27,76780,买盘
446,09:52:15,28.42,-0.02,70,197383,卖盘
447,09:52:19,28.43,0.01,45,129472,买盘
448,09:52:21,28.44,0.01,40,113731,买盘
449,09:52:24,28.44,0.0,72,204700,买盘
450,09:52:27,28.43,-0.01,112,318491,卖盘
451,09:52:30,28.43,0.0,65,184834,卖盘
452,09:52:33,28.44,0.01,124,352576,买盘
453,09:52:36,28.43,-0.01,44,123788,卖盘
454,09:52:39,28.43,0.0,80,227186,卖盘
455,09:52:42,28.43,0.0,5,14215,买盘
456,09:52:45,28.43,0.0,26,73910,买盘
457,09:52:48,28.43,0.0,119,338578,买盘
458,09:52:51,28.43,0.0,125,355424,卖盘
459,09:52:54,28.43,0.0,22,62569,卖盘
460,09:52:57,28.42,-0.01,539,1532054,卖盘
461,09:53:00,28.41,-0.01,19,53997,卖盘
462,09:53:04,28.42,0.01,283,804550,买盘
463,09:53:07,28.42,0.0,31,89680,卖盘
464,09:53:09,28.43,0.01,1006,2857219,买盘
465,09:53:12,28.41,-0.02,13,36943,卖盘
466,09:53:15,28.42,0.01,163,463072,买盘
467,09:53:18,28.42,0.0,87,246323,买盘
468,09:53:21,28.39,-0.03,21,59633,卖盘
469,09:53:24,28.39,0.0,32,90898,卖盘
470,09:53:27,28.38,-0.01,54,153325,卖盘
471,09:53:30,28.4,0.02,49,139131,买盘
472,09:53:33,28.38,-0.02,90,255542,卖盘
473,09:53:36,28.38,0.0,67,188881,卖盘
474,09:53:39,28.38,0.0,106,300954,卖盘
475,09:53:42,28.38,0.0,39,110666,卖盘
476,09:53:45,28.37,-0.01,187,531795,卖盘
477,09:53:48,28.37,0.0,35,99295,买盘
478,09:53:51,28.36,-0.01,499,1415174,卖盘
479,09:53:54,28.37,0.01,331,938753,买盘
480,09:53:57,28.36,-0.01,274,777077,卖盘
481,09:54:00,28.35,-0.01,143,405405,卖盘
482,09:54:04,28.35,0.0,131,371377,买盘
483,09:54:06,28.35,0.0,52,146117,买盘
484,09:54:09,28.35,0.0,35,99202,买盘
485,09:54:12,28.34,-0.01,290,822094,卖盘
486,09:54:15,28.34,0.0,50,141718,中性盘
487,09:54:18,28.33,-0.01,28,79357,卖盘
488,09:54:21,28.33,0.0,81,231031,卖盘
489,09:54:24,28.33,0.0,128,362343,卖盘
490,09:54:27,28.32,-0.01,31,87798,卖盘
491,09:54:30,28.34,0.02,483,1368645,买盘
492,09:54:33,28.33,-0.01,105,297513,卖盘
493,09:54:36,28.32,-0.01,52,147012,卖盘
494,09:54:39,28.32,0.0,104,293509,买盘
495,09:54:42,28.31,-0.01,201,569089,卖盘
496,09:54:45,28.31,0.0,394,1115437,卖盘
497,09:54:48,28.33,0.02,381,1079248,买盘
498,09:54:51,28.33,0.0,109,308816,卖盘
499,09:54:54,28.33,0.0,348,985978,卖盘
500,09:54:57,28.33,0.0,213,603533,卖盘
501,09:55:00,28.34,0.01,758,2148131,买盘
502,09:55:04,28.34,0.0,155,439543,卖盘
503,09:55:06,28.34,0.0,67,189878,卖盘
504,09:55:09,28.34,0.0,727,2060430,卖盘
505,09:55:12,28.35,0.01,59,167222,卖盘
506,09:55:15,28.34,-0.01,137,388263,卖盘
507,09:55:18,28.35,0.01,167,473324,买盘
508,09:55:21,28.34,-0.01,93,263595,卖盘
509,09:55:24,28.34,0.0,61,172900,卖盘
510,09:55:27,28.34,0.0,32,90706,卖盘
511,09:55:30,28.34,0.0,68,192713,卖盘
512,09:55:33,28.34,0.0,248,702872,卖盘
513,09:55:36,28.35,0.01,98,277672,买盘
514,09:55:39,28.33,-0.02,60,169983,卖盘
515,09:55:42,28.33,0.0,23,65174,卖盘
516,09:55:45,28.33,0.0,30,85002,卖盘
517,09:55:48,28.34,0.01,132,373980,买盘
518,09:55:51,28.34,0.0,45,127530,买盘
519,09:55:54,28.34,0.0,7,19838,卖盘
520,09:55:57,28.34,0.0,105,297645,卖盘
521,09:56:00,28.34,0.0,243,688671,卖盘
522,09:56:04,28.34,0.0,87,246557,卖盘
523,09:56:06,28.34,0.0,53,151725,买盘
524,09:56:09,28.33,-0.01,287,811583,卖盘
525,09:56:12,28.33,0.0,41,116136,买盘
526,09:56:15,28.32,-0.01,223,631628,卖盘
527,09:56:19,28.33,0.01,82,232320,卖盘
528,09:56:21,28.33,0.0,147,416455,卖盘
529,09:56:24,28.33,0.0,19,53836,卖盘
530,09:56:27,28.34,0.01,199,563870,买盘
531,09:56:30,28.33,-0.01,538,1524185,卖盘
532,09:56:33,28.33,0.0,145,411111,卖盘
533,09:56:36,28.33,0.0,26,73675,卖盘
534,09:56:39,28.33,0.0,79,225402,卖盘
535,09:56:42,28.33,0.0,27,76495,卖盘
536,09:56:45,28.35,0.02,475,1346578,买盘
537,09:56:48,28.35,0.0,474,1343813,卖盘
538,09:56:51,28.35,0.0,210,595569,卖盘
539,09:56:54,28.34,-0.01,51,144591,卖盘
540,09:56:57,28.35,0.01,134,379833,买盘
541,09:57:00,28.35,0.0,31,87899,卖盘
542,09:57:04,28.35,0.0,46,130403,买盘
543,09:57:06,28.35,0.0,47,131923,买盘
544,09:57:09,28.36,0.01,115,326031,买盘
545,09:57:12,28.36,0.0,20,56727,卖盘
546,09:57:15,28.36,0.0,103,292198,卖盘
547,09:57:18,28.37,0.01,17,48219,买盘
548,09:57:21,28.36,-0.01,27,76574,卖盘
549,09:57:24,28.36,0.0,9,25523,卖盘
550,09:57:27,28.36,0.0,76,215536,买盘
551,09:57:30,28.35,-0.01,103,292081,卖盘
552,09:57:33,28.38,0.03,96,272367,买盘
553,09:57:36,28.36,-0.02,17,48242,卖盘
554,09:57:39,28.38,0.02,9,25541,买盘
555,09:57:42,28.38,0.0,23,65273,买盘
556,09:57:45,28.38,0.0,23,65252,买盘
557,09:57:48,28.35,-0.03,36,102133,卖盘
558,09:57:51,28.38,0.03,45,127599,买盘
559,09:57:57,28.35,-0.03,60,170100,卖盘
560,09:58:00,28.35,0.0,57,161593,买盘
561,09:58:04,28.35,0.0,47,133243,买盘
562,09:58:06,28.35,0.0,85,242462,买盘
563,09:58:09,28.34,-0.01,158,447565,卖盘
564,09:58:12,28.31,-0.03,960,2716955,卖盘
565,09:58:15,28.31,0.0,178,503909,买盘
566,09:58:18,28.31,0.0,31,87761,买盘
567,09:58:21,28.3,-0.01,545,1542354,卖盘
568,09:58:24,28.31,0.01,93,263227,买盘
569,09:58:27,28.3,-0.01,422,1194284,卖盘
570,09:58:30,28.3,0.0,642,1817061,卖盘
571,09:58:33,28.3,0.0,94,266018,买盘
572,09:58:36,28.29,-0.01,262,742996,卖盘
573,09:58:39,28.3,0.01,197,557456,买盘
574,09:58:42,28.29,-0.01,464,1312762,卖盘
575,09:58:45,28.29,0.0,163,459621,卖盘
576,09:58:48,28.29,0.0,432,1221925,买盘
577,09:58:51,28.29,0.0,39,110325,买盘
578,09:58:54,28.3,0.01,257,727156,买盘
579,09:58:57,28.28,-0.02,98,277235,卖盘
580,09:59:00,28.29,0.01,55,155574,买盘
581,09:59:03,28.3,0.01,160,452594,买盘
582,09:59:06,28.27,-0.03,129,364948,卖盘
583,09:59:09,28.28,0.01,225,636379,买盘
584,09:59:12,28.29,0.01,295,834574,卖盘
585,09:59:15,28.27,-0.02,65,183823,卖盘
586,09:59:18,28.28,0.01,6,16970,中性盘
587,09:59:21,28.28,0.0,20,56564,卖盘
588,09:59:24,28.28,0.0,129,364883,中性盘
589,09:59:27,28.27,-0.01,164,463653,卖盘
590,09:59:30,28.28,0.01,71,200793,买盘
591,09:59:33,28.28,0.0,81,229105,卖盘
592,09:59:36,28.29,0.01,353,999677,买盘
593,09:59:39,28.28,-0.01,147,415561,中性盘
594,09:59:42,28.27,-0.01,58,163983,卖盘
595,09:59:46,28.26,-0.01,204,576752,卖盘
596,09:59:48,28.26,0.0,49,137187,卖盘
597,09:59:51,28.26,0.0,39,110218,卖盘
598,09:59:54,28.28,0.02,35,98978,买盘
599,09:59:57,28.27,-0.01,84,237483,卖盘
600,10:00:00,28.28,0.01,28,79168,买盘
601,10:00:04,28.23,-0.05,1651,4662804,卖盘
602,10:00:07,28.27,0.04,180,509103,中性盘
603,10:00:09,28.27,0.0,136,384618,卖盘
604,10:00:12,28.27,0.0,62,175243,买盘
605,10:00:15,28.29,0.02,296,836951,买盘
606,10:00:18,28.27,-0.02,121,342106,卖盘
607,10:00:21,28.26,-0.01,84,237480,卖盘
608,10:00:24,28.24,-0.02,111,313604,卖盘
609,10:00:27,28.27,0.03,264,746108,买盘
610,10:00:30,28.27,0.0,67,189407,买盘
611,10:00:33,28.28,0.01,258,729224,买盘
612,10:00:36,28.26,-0.02,253,715038,卖盘
613,10:00:39,28.25,-0.01,11,31085,卖盘
614,10:00:42,28.26,0.01,110,310850,买盘
615,10:00:45,28.25,-0.01,255,720423,卖盘
616,10:00:48,28.25,0.0,147,415442,卖盘
617,10:00:51,28.26,0.01,47,132809,买盘
618,10:00:54,28.25,-0.01,96,271200,卖盘
619,10:00:57,28.25,0.0,172,484890,卖盘
620,10:01:00,28.25,0.0,136,385500,卖盘
621,10:01:04,28.25,0.0,171,483074,买盘
622,10:01:06,28.25,0.0,112,316646,买盘
623,10:01:09,28.24,-0.01,259,731290,卖盘
624,10:01:12,28.24,0.0,11,31064,买盘
625,10:01:15,28.23,-0.01,285,804815,卖盘
626,10:01:18,28.23,0.0,157,443348,卖盘
627,10:01:21,28.23,0.0,189,533653,卖盘
628,10:01:24,28.23,0.0,443,1250456,卖盘
629,10:01:27,28.24,0.01,199,561896,买盘
630,10:01:30,28.24,0.0,120,339275,卖盘
631,10:01:33,28.22,-0.02,296,835985,卖盘
632,10:01:36,28.28,0.06,249,703960,买盘
633,10:01:39,28.22,-0.06,99,279749,卖盘
634,10:01:42,28.24,0.02,239,675518,买盘
635,10:01:45,28.27,0.03,94,265330,中性盘
636,10:01:48,28.24,-0.03,83,234649,中性盘
637,10:01:51,28.27,0.03,178,502635,买盘
638,10:01:54,28.23,-0.04,110,310693,卖盘
639,10:01:57,28.26,0.03,70,197871,买盘
640,10:02:00,28.24,-0.02,201,567570,卖盘
641,10:02:04,28.24,0.0,171,483365,卖盘
642,10:02:07,28.25,0.01,31,86275,买盘
643,10:02:09,28.27,0.02,71,200620,买盘
644,10:02:12,28.24,-0.03,204,576336,卖盘
645,10:02:15,28.24,0.0,143,403724,买盘
646,10:02:18,28.23,-0.01,159,448950,卖盘
647,10:02:21,28.24,0.01,76,214618,买盘
648,10:02:24,28.24,0.0,130,367120,买盘
649,10:02:27,28.26,0.02,1103,3115978,买盘
650,10:02:30,28.27,0.01,161,455145,买盘
651,10:02:33,28.27,0.0,219,619229,卖盘
652,10:02:36,28.25,-0.02,87,245775,中性盘
653,10:02:39,28.27,0.02,13,36735,买盘
654,10:02:42,28.25,-0.02,10,28253,中性盘
655,10:02:45,28.27,0.02,834,2359251,买盘
656,10:02:48,28.28,0.01,398,1124541,买盘
657,10:02:51,28.25,-0.03,194,548653,卖盘
658,10:02:54,28.27,0.02,291,822651,买盘
659,10:02:57,28.28,0.01,160,452330,买盘
660,10:03:00,28.28,0.0,115,325297,卖盘
661,10:03:03,28.28,0.0,88,248862,买盘
662,10:03:07,28.27,-0.01,91,257301,卖盘
663,10:03:09,28.26,-0.01,7,19787,卖盘
664,10:03:12,28.24,-0.02,311,878616,卖盘
665,10:03:15,28.26,0.02,161,455457,中性盘
666,10:03:18,28.27,0.01,28,79176,卖盘
667,10:03:21,28.27,0.0,39,110269,卖盘
668,10:03:24,28.27,0.0,28,79171,卖盘
669,10:03:27,28.27,0.0,22,62194,卖盘
670,10:03:30,28.26,-0.01,84,237451,卖盘
671,10:03:33,28.26,0.0,36,101771,卖盘
672,10:03:36,28.26,0.0,81,228980,卖盘
673,10:03:39,28.27,0.01,18,50885,买盘
674,10:03:42,28.27,0.0,22,62177,买盘
675,10:03:45,28.27,0.0,23,65010,买盘
676,10:03:48,28.26,-0.01,45,127169,卖盘
677,10:03:51,28.26,0.0,80,226098,买盘
678,10:03:54,28.26,0.0,45,127208,卖盘
679,10:03:57,28.27,0.01,26,73481,买盘
680,10:04:00,28.27,0.0,53,149794,买盘
681,10:04:03,28.27,0.0,90,255992,买盘
682,10:04:06,28.28,0.01,994,2809368,买盘
683,10:04:09,28.28,0.0,768,2172837,卖盘
684,10:04:12,28.27,-0.01,610,1725888,卖盘
685,10:04:15,28.31,0.04,55,155704,买盘
686,10:04:18,28.3,-0.01,155,438723,卖盘
687,10:04:21,28.32,0.02,137,387943,买盘
688,10:04:24,28.34,0.02,81,229535,买盘
689,10:04:27,28.3,-0.04,24,67921,卖盘
690,10:04:30,28.3,0.0,18,50960,卖盘
691,10:04:33,28.35,0.05,66,187018,买盘
692,10:04:36,28.31,-0.04,41,116136,卖盘
693,10:04:39,28.33,0.02,66,185681,买盘
694,10:04:42,28.31,-0.02,41,116085,卖盘
695,10:04:45,28.33,0.02,464,1313393,买盘
696,10:04:48,28.34,0.01,99,280613,买盘
697,10:04:51,28.33,-0.01,68,192679,卖盘
698,10:04:54,28.34,0.01,38,107673,买盘
699,10:04:57,28.34,0.0,7,19834,买盘
700,10:05:00,28.34,0.0,23,65174,买盘
701,10:05:04,28.34,0.0,66,187050,买盘
702,10:05:06,28.33,-0.01,114,322990,卖盘
703,10:05:09,28.32,-0.01,20,56645,卖盘
704,10:05:12,28.3,-0.02,170,481127,卖盘
705,10:05:15,28.29,-0.01,137,388973,卖盘
706,10:05:18,28.28,-0.01,84,237633,卖盘
707,10:05:21,28.27,-0.01,25,70694,卖盘
708,10:05:24,28.28,0.01,138,390438,买盘
709,10:05:27,28.28,0.0,148,418453,卖盘
710,10:05:33,28.3,0.02,137,387595,买盘
711,10:05:36,28.29,-0.01,56,158451,卖盘
712,10:05:39,28.3,0.01,39,110338,买盘
713,10:05:42,28.29,-0.01,51,143052,中性盘
714,10:05:45,28.28,-0.01,30,86133,卖盘
715,10:05:48,28.28,0.0,177,500585,卖盘
716,10:05:51,28.28,0.0,53,149869,买盘
717,10:05:54,28.27,-0.01,259,732249,卖盘
718,10:05:58,28.27,0.0,164,463791,卖盘
719,10:06:00,28.28,0.01,83,234730,买盘
720,10:06:04,28.3,0.02,153,432777,买盘
721,10:06:06,28.29,-0.01,123,346695,卖盘
722,10:06:09,28.3,0.01,30,84900,买盘
723,10:06:12,28.3,0.0,61,172630,买盘
724,10:06:15,28.3,0.0,84,237720,卖盘
725,10:06:18,28.3,0.0,285,806567,卖盘
726,10:06:21,28.3,0.0,32,90550,买盘
727,10:06:24,28.29,-0.01,250,708638,卖盘
728,10:06:27,28.29,0.0,117,330969,买盘
729,10:06:30,28.29,0.0,118,333725,买盘
730,10:06:33,28.28,-0.01,477,1349178,中性盘
731,10:06:36,28.28,0.0,119,336172,买盘
732,10:06:39,28.26,-0.02,8,22608,卖盘
733,10:06:42,28.27,0.01,100,282700,买盘
734,10:06:45,28.27,0.0,51,144177,卖盘
735,10:06:48,28.27,0.0,76,214901,卖盘
736,10:06:51,28.28,0.01,150,424194,买盘
737,10:06:54,28.28,0.0,218,618243,卖盘
738,10:06:57,28.3,0.02,10,28300,买盘
739,10:07:00,28.28,-0.02,709,2006451,卖盘
740,10:07:04,28.3,0.02,839,2372891,买盘
741,10:07:06,28.27,-0.03,37,104699,卖盘
742,10:07:10,28.28,0.01,14,39592,买盘
743,10:07:12,28.29,0.01,848,2397210,买盘
744,10:07:15,28.3,0.01,27,76410,买盘
745,10:07:18,28.3,0.0,442,1250711,买盘
746,10:07:21,28.3,0.0,41,116068,卖盘
747,10:07:24,28.3,0.0,8,22640,卖盘
748,10:07:27,28.3,0.0,14,39621,卖盘
749,10:07:30,28.3,0.0,1,2830,卖盘
750,10:07:33,28.32,0.02,360,1019372,买盘
751,10:07:36,28.31,-0.01,257,726531,中性盘
752,10:07:39,28.3,-0.01,66,186815,卖盘
753,10:07:42,28.3,0.0,14,39620,卖盘
754,10:07:45,28.33,0.03,25,70809,买盘
755,10:07:48,28.33,0.0,88,249302,买盘
756,10:07:51,28.32,-0.01,18,50980,卖盘
757,10:07:54,28.32,0.0,88,249224,卖盘
758,10:07:57,28.32,0.0,61,172767,卖盘
759,10:08:00,28.32,0.0,308,871780,买盘
760,10:08:04,28.32,0.0,118,334180,买盘
761,10:08:06,28.31,-0.01,51,144378,卖盘
762,10:08:09,28.3,-0.01,495,1402406,卖盘
763,10:08:12,28.31,0.01,34,94692,买盘
764,10:08:15,28.29,-0.02,61,174206,卖盘
765,10:08:18,28.29,0.0,84,237635,买盘
766,10:08:21,28.28,-0.01,13,36764,卖盘
767,10:08:24,28.27,-0.01,340,959990,卖盘
768,10:08:27,28.29,0.02,214,604997,中性盘
769,10:08:30,28.28,-0.01,17,48081,卖盘
770,10:08:33,28.28,0.0,56,158407,买盘
771,10:08:36,28.28,0.0,545,1539796,卖盘
772,10:08:39,28.26,-0.02,160,452117,买盘
773,10:08:45,28.25,-0.01,10,28255,卖盘
774,10:08:48,28.25,0.0,99,279766,卖盘
775,10:08:51,28.26,0.01,4,11301,买盘
776,10:08:54,28.26,0.0,58,163896,买盘
777,10:08:57,28.26,0.0,29,81954,买盘
778,10:09:00,28.28,0.02,11,31090,买盘
779,10:09:04,28.24,-0.04,648,1831201,卖盘
780,10:09:06,28.28,0.04,53,150139,买盘
781,10:09:09,28.28,0.0,180,509205,卖盘
782,10:09:12,28.28,0.0,10,28287,卖盘
783,10:09:15,28.28,0.0,75,212152,卖盘
784,10:09:18,28.29,0.01,290,820074,买盘
785,10:09:21,28.27,-0.02,13,36754,卖盘
786,10:09:24,28.26,-0.01,24,67858,卖盘
787,10:09:27,28.27,0.01,4,11305,买盘
788,10:09:30,28.27,0.0,53,149781,买盘
789,10:09:33,28.24,-0.03,265,748657,卖盘
790,10:09:36,28.22,-0.02,1098,3100003,卖盘
791,10:09:39,28.22,0.0,116,327400,卖盘
792,10:09:42,28.22,0.0,120,339036,卖盘
793,10:09:45,28.24,0.02,64,180646,买盘
794,10:09:48,28.25,0.01,37,104522,买盘
795,10:09:51,28.25,0.0,120,338967,卖盘
796,10:09:54,28.24,-0.01,94,265463,卖盘
797,10:09:57,28.22,-0.02,491,1385670,卖盘
798,10:10:00,28.24,0.02,336,948252,买盘
799,10:10:04,28.25,0.01,788,2224239,买盘
800,10:10:07,28.25,0.0,407,1151356,卖盘
801,10:10:09,28.26,0.01,237,669593,买盘
802,10:10:12,28.24,-0.02,469,1323168,卖盘
803,10:10:15,28.25,0.01,45,127086,买盘
804,10:10:18,28.25,0.0,292,824856,买盘
805,10:10:21,28.25,0.0,192,543878,买盘
806,10:10:24,28.23,-0.02,14,39525,卖盘
807,10:10:27,28.24,0.01,2543,7173400,卖盘
808,10:10:30,28.25,0.01,59,166675,买盘
809,10:10:33,28.26,0.01,94,265513,买盘
810,10:10:36,28.25,-0.01,51,144052,卖盘
811,10:10:42,28.25,0.0,42,118592,买盘
812,10:10:45,28.25,0.0,53,148406,买盘
813,10:10:48,28.25,0.0,43,121475,卖盘
814,10:10:51,28.25,0.0,176,497306,卖盘
815,10:10:54,28.22,-0.03,219,618753,卖盘
816,10:10:57,28.26,0.04,20,56503,中性盘
817,10:11:00,28.24,-0.02,10,28247,卖盘
818,10:11:04,28.25,0.01,73,206253,买盘
819,10:11:06,28.22,-0.03,325,919135,卖盘
820,10:11:09,28.22,0.0,228,642118,买盘
821,10:11:12,28.22,0.0,2490,7020891,卖盘
822,10:11:15,28.22,0.0,26,73380,卖盘
823,10:11:18,28.22,0.0,300,846579,卖盘
824,10:11:21,28.22,0.0,85,240051,卖盘
825,10:11:24,28.18,-0.04,307,865089,卖盘
826,10:11:27,28.18,0.0,31,87381,买盘
827,10:11:30,28.18,0.0,25,70451,卖盘
828,10:11:33,28.2,0.02,120,338269,买盘
829,10:11:36,28.18,-0.02,178,503142,卖盘
830,10:11:39,28.17,-0.01,59,164729,卖盘
831,10:11:42,28.16,-0.01,241,678718,卖盘
832,10:11:45,28.16,0.0,137,385729,买盘
833,10:11:48,28.17,0.01,170,478626,买盘
834,10:11:51,28.17,0.0,105,295635,买盘
835,10:11:54,28.15,-0.02,29,81672,卖盘
836,10:11:57,28.12,-0.03,224,630340,卖盘
837,10:12:00,28.15,0.03,106,298309,买盘
838,10:12:04,28.16,0.01,258,726244,买盘
839,10:12:07,28.14,-0.02,871,2451619,卖盘
840,10:12:09,28.14,0.0,592,1664629,买盘
841,10:12:12,28.17,0.03,415,1168784,买盘
842,10:12:15,28.17,0.0,135,380306,卖盘
843,10:12:18,28.17,0.0,316,890388,卖盘
844,10:12:21,28.18,0.01,358,1009635,买盘
845,10:12:24,28.16,-0.02,221,621851,卖盘
846,10:12:27,28.2,0.04,94,265585,买盘
847,10:12:30,28.17,-0.03,26,73249,卖盘
848,10:12:33,28.18,0.01,144,405698,买盘
849,10:12:36,28.17,-0.01,20,55044,卖盘
850,10:12:39,28.18,0.01,146,411435,买盘
851,10:12:42,28.19,0.01,46,129630,买盘
852,10:12:45,28.18,-0.01,9,25362,卖盘
853,10:12:48,28.18,0.0,116,326942,卖盘
854,10:12:51,28.21,0.03,258,727557,买盘
855,10:12:54,28.17,-0.04,377,1062438,卖盘
856,10:12:57,28.19,0.02,199,560731,卖盘
857,10:13:00,28.18,-0.01,31,87352,中性盘
858,10:13:03,28.16,-0.02,177,498654,卖盘
859,10:13:06,28.19,0.03,40,112700,买盘
860,10:13:09,28.17,-0.02,30,84503,中性盘
861,10:13:12,28.17,0.0,68,191663,卖盘
862,10:13:15,28.19,0.02,21,59181,买盘
863,10:13:18,28.17,-0.02,58,163400,卖盘
864,10:13:21,28.18,0.01,34,95780,买盘
865,10:13:24,28.18,0.0,22,61989,买盘
866,10:13:27,28.17,-0.01,38,107057,卖盘
867,10:13:30,28.17,0.0,53,149306,卖盘
868,10:13:33,28.17,0.0,106,298641,卖盘
869,10:13:36,28.15,-0.02,157,442112,卖盘
870,10:13:39,28.17,0.02,245,690112,买盘
871,10:13:42,28.16,-0.01,121,340824,卖盘
872,10:13:45,28.15,-0.01,136,382860,卖盘
873,10:13:48,28.15,0.0,317,892468,卖盘
874,10:13:51,28.15,0.0,70,197017,买盘
875,10:13:54,28.14,-0.01,214,602364,卖盘
876,10:13:57,28.14,0.0,280,787857,买盘
877,10:14:00,28.13,-0.01,145,407968,卖盘
878,10:14:04,28.13,0.0,268,753998,卖盘
879,10:14:06,28.12,-0.01,181,510623,卖盘
880,10:14:09,28.13,0.01,541,1521802,买盘
881,10:14:12,28.12,-0.01,153,430269,卖盘
882,10:14:15,28.13,0.01,2260,6352642,买盘
883,10:14:18,28.12,-0.01,474,1332516,中性盘
884,10:14:21,28.11,-0.01,90,253089,卖盘
885,10:14:24,28.11,0.0,48,134914,卖盘
886,10:14:27,28.11,0.0,27,75891,买盘
887,10:14:30,28.1,-0.01,128,359689,卖盘
888,10:14:33,28.11,0.01,227,638098,买盘
889,10:14:36,28.1,-0.01,182,510266,卖盘
890,10:14:39,28.11,0.01,87,244523,买盘
891,10:14:42,28.11,0.0,235,660400,买盘
892,10:14:45,28.1,-0.01,473,1329329,卖盘
893,10:14:48,28.1,0.0,435,1222737,卖盘
894,10:14:51,28.11,0.01,89,250170,中性盘
895,10:14:54,28.1,-0.01,145,407503,卖盘
896,10:14:57,28.1,0.0,227,639563,卖盘
897,10:15:00,28.1,0.0,112,314720,买盘
898,10:15:04,28.1,0.0,219,615258,买盘
899,10:15:06,28.1,0.0,214,601267,买盘
900,10:15:09,28.1,0.0,88,247288,卖盘
901,10:15:12,28.1,0.0,146,410295,卖盘
902,10:15:15,28.1,0.0,198,556405,卖盘
903,10:15:18,28.1,0.0,27,75953,卖盘
904,10:15:21,28.1,0.0,151,424243,买盘
905,10:15:24,28.1,0.0,41,115205,买盘
906,10:15:27,28.1,0.0,271,761494,买盘
907,10:15:30,28.1,0.0,134,376392,买盘
908,10:15:33,28.1,0.0,127,356901,卖盘
909,10:15:36,28.1,0.0,44,122374,买盘
910,10:15:39,28.1,0.0,42,118023,卖盘
911,10:15:42,28.1,0.0,77,216378,卖盘
912,10:15:45,28.11,0.01,294,826210,买盘
913,10:15:48,28.1,-0.01,322,904852,卖盘
914,10:15:51,28.11,0.01,43,120855,买盘
915,10:15:54,28.1,-0.01,280,787263,卖盘
916,10:15:57,28.1,0.0,112,314723,卖盘
917,10:16:00,28.1,0.0,59,165801,卖盘
918,10:16:04,28.1,0.0,175,491844,卖盘
919,10:16:06,28.11,0.01,269,757703,买盘
920,10:16:09,28.11,0.0,29,81524,卖盘
921,10:16:12,28.12,0.01,118,331799,买盘
922,10:16:15,28.12,0.0,163,458446,卖盘
923,10:16:18,28.13,0.01,46,129384,买盘
924,10:16:21,28.14,0.01,65,182910,买盘
925,10:16:24,28.13,-0.01,54,151928,卖盘
926,10:16:27,28.14,0.01,93,261701,买盘
927,10:16:30,28.13,-0.01,14,39386,卖盘
928,10:16:33,28.14,0.01,148,416426,买盘
929,10:16:36,28.14,0.0,54,150623,买盘
930,10:16:39,28.14,0.0,241,678306,买盘
931,10:16:42,28.14,0.0,44,123841,卖盘
932,10:16:45,28.14,0.0,84,236422,卖盘
933,10:16:48,28.16,0.02,161,453156,买盘
934,10:16:51,28.15,-0.01,132,371588,卖盘
935,10:16:54,28.14,-0.01,126,354707,卖盘
936,10:16:57,28.14,0.0,365,1027120,卖盘
937,10:17:00,28.13,-0.01,119,334782,卖盘
938,10:17:04,28.13,0.0,130,365748,卖盘
939,10:17:06,28.12,-0.01,306,859736,卖盘
940,10:17:09,28.13,0.01,58,163171,中性盘
941,10:17:12,28.13,0.0,174,489662,卖盘
942,10:17:15,28.14,0.01,1020,2874095,卖盘
943,10:17:18,28.14,0.0,26,73164,卖盘
944,10:17:21,28.14,0.0,40,112648,卖盘
945,10:17:24,28.14,0.0,32,90072,卖盘
946,10:17:27,28.15,0.01,31,87244,买盘
947,10:17:30,28.15,0.0,39,109791,卖盘
948,10:17:33,28.15,0.0,76,214105,卖盘
949,10:17:36,28.15,0.0,30,84467,卖盘
950,10:17:39,28.16,0.01,44,123956,中性盘
951,10:17:42,28.18,0.02,1033,2912453,买盘
952,10:17:45,28.16,-0.02,193,543911,卖盘
953,10:17:48,28.2,0.04,17,47917,买盘
954,10:17:51,28.2,0.0,43,121216,买盘
955,10:17:54,28.2,0.0,35,98676,买盘
956,10:18:00,28.19,-0.01,733,2067506,买盘
957,10:18:04,28.17,-0.02,274,772203,卖盘
958,10:18:06,28.18,0.01,62,176242,卖盘
959,10:18:09,28.18,0.0,52,146538,卖盘
960,10:18:12,28.17,-0.01,73,205641,卖盘
961,10:18:15,28.17,0.0,286,804117,卖盘
962,10:18:18,28.17,0.0,59,166203,买盘
963,10:18:21,28.17,0.0,24,67598,买盘
964,10:18:24,28.16,-0.01,65,183076,卖盘
965,10:18:27,28.17,0.01,7,19719,买盘
966,10:18:30,28.16,-0.01,29,81664,卖盘
967,10:18:33,28.17,0.01,161,453361,买盘
968,10:18:36,28.16,-0.01,9,25343,中性盘
969,10:18:39,28.17,0.01,87,246570,买盘
970,10:18:42,28.16,-0.01,130,364669,卖盘
971,10:18:45,28.15,-0.01,49,137966,卖盘
972,10:18:48,28.15,0.0,199,560214,卖盘
973,10:18:51,28.15,0.0,44,123860,买盘
974,10:18:54,28.14,-0.01,14,39400,卖盘
975,10:18:57,28.15,0.01,106,298332,买盘
976,10:19:00,28.14,-0.01,25,70366,卖盘
977,10:19:04,28.14,0.0,560,1575898,卖盘
978,10:19:07,28.14,0.0,90,253274,卖盘
979,10:19:09,28.15,0.01,165,464414,买盘
980,10:19:12,28.15,0.0,129,362908,买盘
981,10:19:15,28.14,-0.01,19,53466,卖盘
982,10:19:18,28.13,-0.01,15,42200,卖盘
983,10:19:21,28.13,0.0,61,171603,卖盘
984,10:19:24,28.14,0.01,35,98487,买盘
985,10:19:27,28.13,-0.01,56,157535,卖盘
986,10:19:30,28.13,0.0,37,104103,卖盘
987,10:19:33,28.14,0.01,79,222290,买盘
988,10:19:36,28.13,-0.01,165,465735,卖盘
989,10:19:39,28.13,0.0,397,1117115,卖盘
990,10:19:42,28.14,0.01,37,104113,买盘
991,10:19:45,28.14,0.0,22,61890,买盘
992,10:19:48,28.13,-0.01,319,897639,卖盘
993,10:19:51,28.13,0.0,569,1601087,卖盘
994,10:19:54,28.14,0.01,217,610470,买盘
995,10:19:57,28.13,-0.01,68,191314,卖盘
996,10:20:00,28.14,0.01,138,388295,买盘
997,10:20:04,28.13,-0.01,369,1036580,卖盘
998,10:20:06,28.12,-0.01,580,1632939,卖盘
999,10:20:10,28.13,0.01,160,450102,买盘
1000,10:20:12,28.13,0.0,86,240616,买盘
1001,10:20:15,28.12,-0.01,74,208165,卖盘
1002,10:20:18,28.14,0.02,493,1387302,买盘
1003,10:20:21,28.14,0.0,244,686824,卖盘
1004,10:20:24,28.14,0.0,71,199804,卖盘
1005,10:20:27,28.15,0.01,681,1918591,买盘
1006,10:20:30,28.14,-0.01,264,741392,卖盘
1007,10:20:33,28.14,0.0,374,1052428,买盘
1008,10:20:36,28.14,0.0,275,774148,买盘
1009,10:20:39,28.16,0.02,25,70378,买盘
1010,10:20:42,28.15,-0.01,50,140716,卖盘
1011,10:20:45,28.16,0.01,127,357537,买盘
1012,10:20:48,28.16,0.0,11,30975,买盘
1013,10:20:51,28.15,-0.01,215,605317,卖盘
1014,10:20:54,28.15,0.0,83,233641,买盘
1015,10:20:57,28.15,0.0,15,42225,买盘
1016,10:21:00,28.15,0.0,178,501070,买盘
1017,10:21:04,28.15,0.0,305,858452,买盘
1018,10:21:06,28.15,0.0,46,131023,买盘
1019,10:21:09,28.15,0.0,101,284326,卖盘
1020,10:21:12,28.15,0.0,38,106970,买盘
1021,10:21:15,28.15,0.0,2,5629,买盘
1022,10:21:18,28.14,-0.01,10,28145,卖盘
1023,10:21:21,28.15,0.01,89,250527,买盘
1024,10:21:24,28.15,0.0,25,70365,买盘
1025,10:21:27,28.15,0.0,63,177324,买盘
1026,10:21:30,28.14,-0.01,214,602367,卖盘
1027,10:21:33,28.15,0.01,82,230828,买盘
1028,10:21:36,28.14,-0.01,40,111319,卖盘
1029,10:21:39,28.14,0.0,17,47839,卖盘
1030,10:21:42,28.15,0.01,159,447486,买盘
1031,10:21:45,28.15,0.0,79,222355,买盘
1032,10:21:48,28.15,0.0,11,30963,买盘
1033,10:21:51,28.14,-0.01,10,28144,卖盘
1034,10:21:54,28.15,0.01,321,903524,买盘
1035,10:21:57,28.15,0.0,46,129482,买盘
1036,10:22:00,28.15,0.0,1034,2912797,卖盘
1037,10:22:04,28.15,0.0,345,971307,卖盘
1038,10:22:06,28.2,0.05,1137,3206481,买盘
1039,10:22:09,28.2,0.0,59,166257,买盘
1040,10:22:12,28.18,-0.02,1212,3417394,卖盘
1041,10:22:15,28.2,0.02,1105,3116355,买盘
1042,10:22:18,28.2,0.0,412,1161904,卖盘
1043,10:22:21,28.21,0.01,37,104400,卖盘
1044,10:22:24,28.22,0.01,153,431615,买盘
1045,10:22:27,28.22,0.0,80,225721,买盘
1046,10:22:30,28.22,0.0,86,242640,买盘
1047,10:22:33,28.22,0.0,70,197576,买盘
1048,10:22:36,28.22,0.0,26,72143,卖盘
1049,10:22:39,28.23,0.01,355,1001792,买盘
1050,10:22:42,28.23,0.0,117,330308,卖盘
1051,10:22:45,28.24,0.01,61,172254,买盘
1052,10:22:48,28.26,0.02,1717,4850438,买盘
1053,10:22:51,28.26,0.0,120,339163,买盘
1054,10:22:54,28.25,-0.01,116,327844,卖盘
1055,10:22:57,28.26,0.01,59,166779,中性盘
1056,10:23:00,28.28,0.02,121,342181,买盘
1057,10:23:04,28.27,-0.01,94,265847,中性盘
1058,10:23:06,28.26,-0.01,64,180872,卖盘
1059,10:23:09,28.29,0.03,84,237526,买盘
1060,10:23:12,28.27,-0.02,182,514339,买盘
1061,10:23:15,28.26,-0.01,49,138432,中性盘
1062,10:23:18,28.25,-0.01,213,601724,卖盘
1063,10:23:21,28.25,0.0,30,84732,买盘
1064,10:23:24,28.25,0.0,10,28250,买盘
1065,10:23:27,28.24,-0.01,12,33894,卖盘
1066,10:23:30,28.25,0.01,13,36719,买盘
1067,10:23:33,28.22,-0.03,221,624216,卖盘
1068,10:23:36,28.23,0.01,6,16939,中性盘
1069,10:23:39,28.22,-0.01,24,67766,卖盘
1070,10:23:42,28.22,0.0,43,121346,卖盘
1071,10:23:48,28.21,-0.01,214,604945,卖盘
1072,10:23:51,28.2,-0.01,169,476680,卖盘
1073,10:23:54,28.2,0.0,222,624849,卖盘
1074,10:23:57,28.21,0.01,73,205907,卖盘
1075,10:24:01,28.21,0.0,2,5642,卖盘
1076,10:24:04,28.21,0.0,80,225734,卖盘
1077,10:24:06,28.22,0.01,641,1806502,买盘
1078,10:24:09,28.22,0.0,35,98799,卖盘
1079,10:24:12,28.22,0.0,15,42342,卖盘
1080,10:24:15,28.22,0.0,15,42340,卖盘
1081,10:24:18,28.22,0.0,111,313265,卖盘
1082,10:24:21,28.22,0.0,48,135500,卖盘
1083,10:24:27,28.22,0.0,71,200362,卖盘
1084,10:24:30,28.21,-0.01,8,22574,卖盘
1085,10:24:33,28.22,0.01,81,228610,买盘
1086,10:24:36,28.23,0.01,22,63619,买盘
1087,10:24:39,28.22,-0.01,7,19756,卖盘
1088,10:24:42,28.23,0.01,9,25407,买盘
1089,10:24:45,28.23,0.0,7,19759,买盘
1090,10:24:48,28.23,0.0,9,25406,买盘
1091,10:24:51,28.22,-0.01,27,76206,卖盘
1092,10:24:54,28.22,0.0,10,26696,卖盘
1093,10:24:57,28.23,0.01,20,57965,买盘
1094,10:25:00,28.22,-0.01,93,262468,卖盘
1095,10:25:04,28.23,0.01,77,217341,买盘
1096,10:25:06,28.22,-0.01,120,337043,卖盘
1097,10:25:09,28.22,0.0,11,31042,买盘
1098,10:25:12,28.22,0.0,91,256700,买盘
1099,10:25:16,28.21,-0.01,10,28219,卖盘
1100,10:25:18,28.2,-0.01,36,101535,卖盘
1101,10:25:21,28.22,0.02,3,8464,买盘
1102,10:25:24,28.2,-0.02,333,939774,卖盘
1103,10:25:27,28.21,0.01,4,11284,买盘
1104,10:25:30,28.2,-0.01,94,265157,卖盘
1105,10:25:33,28.24,0.04,345,973643,买盘
1106,10:25:36,28.21,-0.03,41,117209,买盘
1107,10:25:39,28.21,0.0,11,31061,卖盘
1108,10:25:42,28.18,-0.03,362,1021478,卖盘
1109,10:25:45,28.18,0.0,14,39452,卖盘
1110,10:25:48,28.2,0.02,237,668274,买盘
1111,10:25:52,28.2,0.0,20,56395,买盘
1112,10:25:54,28.18,-0.02,264,744840,卖盘
1113,10:25:57,28.19,0.01,10,28190,中性盘
1114,10:26:00,28.19,0.0,23,64850,卖盘
1115,10:26:04,28.21,0.02,17,47950,买盘
1116,10:26:06,28.21,0.0,201,565480,卖盘
1117,10:26:09,28.21,0.0,36,101567,卖盘
1118,10:26:12,28.21,0.0,118,334238,卖盘
1119,10:26:15,28.2,-0.01,1,2820,卖盘
1120,10:26:18,28.21,0.01,33,93092,买盘
1121,10:26:21,28.21,0.0,136,383706,卖盘
1122,10:26:24,28.22,0.01,33,93104,买盘
1123,10:26:27,28.24,0.02,31,85545,买盘
1124,10:26:30,28.21,-0.03,61,172130,卖盘
1125,10:26:33,28.24,0.03,36,101612,买盘
1126,10:26:36,28.23,-0.01,66,186199,中性盘
1127,10:26:39,28.22,-0.01,49,138238,买盘
1128,10:26:42,28.23,0.01,28,79044,买盘
1129,10:26:45,28.21,-0.02,26,73372,卖盘
1130,10:26:48,28.24,0.03,62,175043,买盘
1131,10:26:51,28.24,0.0,2,5648,买盘
1132,10:26:57,28.23,-0.01,12,33874,买盘
1133,10:27:00,28.22,-0.01,5,14110,卖盘
1134,10:27:04,28.23,0.01,73,206079,买盘
1135,10:27:06,28.22,-0.01,51,145504,卖盘
1136,10:27:09,28.23,0.01,510,1439600,买盘
1137,10:27:12,28.24,0.01,356,1005849,买盘
1138,10:27:15,28.24,0.0,22,62142,卖盘
1139,10:27:18,28.24,0.0,7,19768,卖盘
1140,10:27:21,28.25,0.01,8,22596,买盘
1141,10:27:24,28.25,0.0,962,2717154,买盘
1142,10:27:27,28.23,-0.02,27,76273,卖盘
1143,10:27:30,28.24,0.01,3,8472,买盘
1144,10:27:33,28.24,0.0,64,180763,中性盘
1145,10:27:36,28.26,0.02,1070,3021413,买盘
1146,10:27:39,28.28,0.02,278,785989,买盘
1147,10:27:42,28.25,-0.03,1007,2844796,卖盘
1148,10:27:45,28.28,0.03,86,243205,买盘
1149,10:27:48,28.3,0.02,1566,4431506,买盘
1150,10:27:51,28.33,0.03,1093,3091618,买盘
1151,10:27:54,28.35,0.02,504,1428710,买盘
1152,10:27:57,28.35,0.0,130,368521,买盘
1153,10:28:00,28.34,-0.01,85,240922,卖盘
1154,10:28:04,28.34,0.0,93,263652,卖盘
1155,10:28:06,28.35,0.01,136,387062,买盘
1156,10:28:09,28.35,0.0,66,184538,买盘
1157,10:28:12,28.34,-0.01,580,1644752,卖盘
1158,10:28:15,28.34,0.0,1050,2966839,买盘
1159,10:28:18,28.33,-0.01,272,770788,中性盘
1160,10:28:21,28.25,-0.08,59,167197,中性盘
1161,10:28:24,28.33,0.08,8,22664,买盘
1162,10:28:30,28.25,-0.08,34,96206,卖盘
1163,10:28:33,28.33,0.08,191,540398,买盘
1164,10:28:36,28.32,-0.01,79,223687,中性盘
1165,10:28:39,28.26,-0.06,61,172482,卖盘
1166,10:28:42,28.26,0.0,18,50903,买盘
1167,10:28:45,28.26,0.0,14,39564,卖盘
1168,10:28:48,28.26,0.0,32,90500,卖盘
1169,10:28:51,28.29,0.03,9,25461,买盘
1170,10:28:54,28.29,0.0,75,212181,卖盘
1171,10:28:57,28.26,-0.03,83,234659,卖盘
1172,10:29:00,28.3,0.04,40,113051,买盘
1173,10:29:04,28.29,-0.01,65,183882,卖盘
1174,10:29:06,28.29,0.0,861,2435855,买盘
1175,10:29:10,28.3,0.01,193,546113,买盘
1176,10:29:12,28.29,-0.01,97,274417,卖盘
1177,10:29:15,28.29,0.0,64,180999,买盘
1178,10:29:18,28.27,-0.02,27,76360,卖盘
1179,10:29:21,28.28,0.01,30,84829,卖盘
1180,10:29:27,28.28,0.0,7,19796,买盘
1181,10:29:30,28.26,-0.02,41,115941,卖盘
1182,10:29:33,28.26,0.0,68,192261,卖盘
1183,10:29:36,28.26,0.0,19,53709,卖盘
1184,10:29:39,28.27,0.01,15,42403,买盘
1185,10:29:42,28.26,-0.01,10,28260,卖盘
1186,10:29:45,28.26,0.0,25,70661,卖盘
1187,10:29:48,28.28,0.02,83,234585,买盘
1188,10:29:51,28.27,-0.01,62,175286,卖盘
1189,10:29:54,28.28,0.01,29,82003,买盘
1190,10:29:57,28.28,0.0,57,161156,买盘
1191,10:30:00,28.28,0.0,150,425755,买盘
1192,10:30:04,28.29,0.01,76,215003,买盘
1193,10:30:06,28.28,-0.01,62,174052,卖盘
1194,10:30:09,28.29,0.01,29,82040,买盘
1195,10:30:12,28.29,0.0,27,76393,买盘
1196,10:30:15,28.29,0.0,19,53751,卖盘
1197,10:30:18,28.29,0.0,35,99025,卖盘
1198,10:30:21,28.28,-0.01,45,127264,卖盘
1199,10:30:24,28.28,0.0,115,325228,卖盘
1200,10:30:27,28.28,0.0,89,251622,买盘
1201,10:30:30,28.27,-0.01,103,291218,卖盘
1202,10:30:33,28.28,0.01,58,164024,买盘
1203,10:30:36,28.27,-0.01,53,148612,卖盘
1204,10:30:39,28.28,0.01,14,39592,买盘
1205,10:30:42,28.27,-0.01,8,22616,卖盘
1206,10:30:45,28.27,0.0,43,121581,卖盘
1207,10:30:48,28.27,0.0,84,239513,卖盘
1208,10:30:51,28.27,0.0,52,147043,卖盘
1209,10:30:54,28.28,0.01,3,8484,买盘
1210,10:30:57,28.27,-0.01,17,48059,卖盘
1211,10:31:00,28.26,-0.01,501,1415534,卖盘
1212,10:31:04,28.28,0.02,214,605813,买盘
1213,10:31:06,28.28,0.0,73,205129,买盘
1214,10:31:09,28.27,-0.01,41,115923,卖盘
1215,10:31:12,28.28,0.01,4,11312,买盘
1216,10:31:15,28.28,0.0,4,11312,买盘
1217,10:31:18,28.28,0.0,9,25451,买盘
1218,10:31:21,28.28,0.0,1,2828,卖盘
1219,10:31:24,28.3,0.02,119,336677,买盘
1220,10:31:27,28.3,0.0,99,280059,买盘
1221,10:31:30,28.3,0.0,15,42449,买盘
1222,10:31:33,28.3,0.0,53,149978,买盘
1223,10:31:37,28.3,0.0,30,84888,买盘
1224,10:31:39,28.29,-0.01,19,53767,卖盘
1225,10:31:42,28.3,0.01,1,2830,买盘
1226,10:31:48,28.29,-0.01,45,127319,卖盘
1227,10:31:51,28.29,0.0,11,31129,卖盘
1228,10:31:54,28.29,0.0,14,39612,卖盘
1229,10:31:57,28.3,0.01,52,147118,买盘
1230,10:32:00,28.29,-0.01,16,45277,卖盘
1231,10:32:04,28.3,0.01,178,503740,买盘
1232,10:32:06,28.3,0.0,43,123240,买盘
1233,10:32:09,28.3,0.0,136,383610,买盘
1234,10:32:12,28.31,0.01,130,368072,买盘
1235,10:32:15,28.32,0.01,86,243490,买盘
1236,10:32:18,28.31,-0.01,20,56622,中性盘
1237,10:32:21,28.31,0.0,10,28310,买盘
1238,10:32:27,28.31,0.0,13,36801,买盘
1239,10:32:30,28.29,-0.02,365,1034426,卖盘
1240,10:32:33,28.3,0.01,131,370730,买盘
1241,10:32:36,28.32,0.02,23,63829,买盘
1242,10:32:39,28.32,0.0,16,45312,买盘
1243,10:32:42,28.31,-0.01,10,28310,中性盘
1244,10:32:45,28.31,0.0,11,31141,卖盘
1245,10:32:48,28.31,0.0,4,11324,卖盘
1246,10:32:51,28.32,0.01,231,654171,买盘
1247,10:32:54,28.32,0.0,60,169915,买盘
1248,10:32:57,28.32,0.0,205,580558,买盘
1249,10:33:00,28.32,0.0,76,215232,买盘
1250,10:33:04,28.32,0.0,53,150095,买盘
1251,10:33:06,28.32,0.0,33,94979,买盘
1252,10:33:09,28.32,0.0,414,1171174,买盘
1253,10:33:12,28.33,0.01,111,314453,买盘
1254,10:33:15,28.33,0.0,37,104811,买盘
1255,10:33:18,28.32,-0.01,501,1419319,卖盘
1256,10:33:21,28.35,0.03,232,657396,买盘
1257,10:33:24,28.35,0.0,69,195591,买盘
1258,10:33:27,28.32,-0.03,512,1450301,卖盘
1259,10:33:30,28.35,0.03,82,232487,买盘
1260,10:33:33,28.36,0.01,375,1063644,买盘
1261,10:33:36,28.36,0.0,138,391546,卖盘
1262,10:33:39,28.36,0.0,55,156049,卖盘
1263,10:33:42,28.36,0.0,7,19858,卖盘
1264,10:33:45,28.37,0.01,293,830995,买盘
1265,10:33:48,28.4,0.03,506,1436902,买盘
1266,10:33:51,28.38,-0.02,236,670036,卖盘
1267,10:33:54,28.4,0.02,88,249900,买盘
1268,10:33:57,28.4,0.0,401,1138786,买盘
1269,10:34:00,28.4,0.0,116,329434,买盘
1270,10:34:04,28.4,0.0,124,350893,买盘
1271,10:34:06,28.41,0.01,49,140801,买盘
1272,10:34:09,28.4,-0.01,192,545071,卖盘
1273,10:34:12,28.4,0.0,135,383400,买盘
1274,10:34:15,28.4,0.0,60,170389,买盘
1275,10:34:18,28.4,0.0,437,1240768,买盘
1276,10:34:21,28.4,0.0,270,767022,买盘
1277,10:34:24,28.4,0.0,435,1235325,卖盘
1278,10:34:27,28.4,0.0,115,326663,买盘
1279,10:34:30,28.4,0.0,28,79519,买盘
1280,10:34:33,28.38,-0.02,69,195934,卖盘
1281,10:34:36,28.4,0.02,42,117932,买盘
1282,10:34:39,28.38,-0.02,38,108552,卖盘
1283,10:34:42,28.38,0.0,36,102168,买盘
1284,10:34:45,28.37,-0.01,9,25541,卖盘
1285,10:34:48,28.38,0.01,79,224172,买盘
1286,10:34:51,28.38,0.0,22,62436,买盘
1287,10:34:54,28.37,-0.01,21,59587,卖盘
1288,10:34:57,28.37,0.0,325,922298,卖盘
1289,10:35:00,28.37,0.0,69,195753,买盘
1290,10:35:04,28.35,-0.02,71,201392,卖盘
1291,10:35:06,28.35,0.0,12,34030,卖盘
1292,10:35:09,28.36,0.01,71,201299,买盘
1293,10:35:12,28.36,0.0,5,14180,买盘
1294,10:35:15,28.35,-0.01,16,45360,卖盘
1295,10:35:18,28.35,0.0,30,85064,卖盘
1296,10:35:21,28.34,-0.01,63,178602,卖盘
1297,10:35:24,28.35,0.01,23,65205,买盘
1298,10:35:27,28.3,-0.05,243,688289,卖盘
1299,10:35:33,28.33,0.03,80,226713,卖盘
1300,10:35:36,28.33,0.0,34,96377,卖盘
1301,10:35:39,28.33,0.0,34,96384,卖盘
1302,10:35:42,28.3,-0.03,195,552147,卖盘
1303,10:35:45,28.33,0.03,92,260498,买盘
1304,10:35:48,28.3,-0.03,28,79337,卖盘
1305,10:35:51,28.3,0.0,29,82098,卖盘
1306,10:35:54,28.3,0.0,65,183968,卖盘
1307,10:35:57,28.3,0.0,32,90608,卖盘
1308,10:36:00,28.3,0.0,18,50940,卖盘
1309,10:36:04,28.3,0.0,109,308607,卖盘
1310,10:36:06,28.33,0.03,23,65146,买盘
1311,10:36:10,28.3,-0.03,67,190958,卖盘
1312,10:36:12,28.3,0.0,39,110370,买盘
1313,10:36:15,28.3,0.0,72,203723,买盘
1314,10:36:18,28.3,0.0,86,241774,买盘
1315,10:36:21,28.3,0.0,118,334285,买盘
1316,10:36:24,28.37,0.07,233,660548,买盘
1317,10:36:27,28.37,0.0,45,127665,买盘
1318,10:36:30,28.3,-0.07,1,2830,卖盘
1319,10:36:33,28.3,0.0,43,121942,卖盘
1320,10:36:39,28.33,0.03,24,68019,卖盘
1321,10:36:42,28.33,0.0,44,124698,卖盘
1322,10:36:45,28.31,-0.02,21,59510,卖盘
1323,10:36:48,28.33,0.02,126,356648,卖盘
1324,10:36:51,28.35,0.02,56,158734,买盘
1325,10:36:55,28.36,0.01,577,1635952,买盘
1326,10:36:57,28.36,0.0,132,374307,买盘
1327,10:37:00,28.34,-0.02,64,181328,卖盘
1328,10:37:04,28.34,0.0,11,31175,卖盘
1329,10:37:07,28.34,0.0,7,18563,卖盘
1330,10:37:09,28.34,0.0,71,201214,卖盘
1331,10:37:12,28.35,0.01,38,107726,买盘
1332,10:37:15,28.34,-0.01,1,2834,卖盘
1333,10:37:18,28.34,0.0,434,1230411,卖盘
1334,10:37:21,28.34,0.0,112,317615,卖盘
1335,10:37:24,28.35,0.01,36,102086,中性盘
1336,10:37:27,28.35,0.0,35,99246,卖盘
1337,10:37:30,28.36,0.01,24,68035,买盘
1338,10:37:33,28.36,0.0,35,99228,买盘
1339,10:37:36,28.34,-0.02,28,79370,卖盘
1340,10:37:39,28.4,0.06,1011,2870112,买盘
1341,10:37:42,28.41,0.01,219,622125,买盘
1342,10:37:45,28.41,0.0,70,199740,买盘
1343,10:37:48,28.39,-0.02,27,76568,买盘
1344,10:37:54,28.39,0.0,14,39746,买盘
1345,10:38:03,28.35,-0.04,14,39692,卖盘
1346,10:38:06,28.36,0.01,17,48228,中性盘
1347,10:38:09,28.38,0.02,16,45391,买盘
1348,10:38:12,28.38,0.0,14,39730,买盘
1349,10:38:15,28.38,0.0,3,8513,买盘
1350,10:38:18,28.37,-0.01,12,34047,卖盘
1351,10:38:21,28.37,0.0,48,136190,卖盘
1352,10:38:24,28.38,0.01,20,55450,买盘
1353,10:38:27,28.39,0.01,14,41047,买盘
1354,10:38:30,28.37,-0.02,7,19859,买盘
1355,10:38:33,28.36,-0.01,117,331927,卖盘
1356,10:38:36,28.38,0.02,43,120745,买盘
1357,10:38:39,28.37,-0.01,2,5673,中性盘
1358,10:38:42,28.36,-0.01,189,536041,卖盘
1359,10:38:45,28.37,0.01,60,170265,卖盘
1360,10:38:48,28.37,0.0,78,221291,买盘
1361,10:38:51,28.37,0.0,90,255361,卖盘
1362,10:38:54,28.37,0.0,46,130508,卖盘
1363,10:38:57,28.36,-0.01,43,121982,卖盘
1364,10:39:00,28.37,0.01,12,34043,买盘
1365,10:39:04,28.36,-0.01,19,53887,卖盘
1366,10:39:06,28.36,0.0,6,18547,卖盘
1367,10:39:09,28.36,0.0,5,14180,卖盘
1368,10:39:12,28.36,0.0,18,50764,卖盘
1369,10:39:18,28.35,-0.01,164,464947,卖盘
1370,10:39:21,28.36,0.01,47,133291,买盘
1371,10:39:24,28.36,0.0,14,39696,买盘
1372,10:39:27,28.35,-0.01,12,34024,卖盘
1373,10:39:30,28.35,0.0,43,121916,卖盘
1374,10:39:33,28.35,0.0,487,1380643,卖盘
1375,10:39:36,28.36,0.01,97,273729,买盘
1376,10:39:39,28.34,-0.02,1,2834,卖盘
1377,10:39:42,28.34,0.0,18,51012,卖盘
1378,10:39:45,28.34,0.0,55,155870,卖盘
1379,10:39:48,28.35,0.01,170,483015,买盘
1380,10:39:51,28.33,-0.02,112,317296,卖盘
1381,10:39:54,28.34,0.01,6,17003,买盘
1382,10:39:57,28.35,0.01,17,48182,买盘
1383,10:40:03,28.34,-0.01,2,5667,买盘
1384,10:40:07,28.34,0.0,137,386909,买盘
1385,10:40:09,28.34,0.0,13,36842,卖盘
1386,10:40:12,28.34,0.0,2,5668,卖盘
1387,10:40:15,28.33,-0.01,137,388185,卖盘
1388,10:40:18,28.34,0.01,6,17004,买盘
1389,10:40:24,28.33,-0.01,26,73663,卖盘
1390,10:40:27,28.33,0.0,49,138817,卖盘
1391,10:40:30,28.33,0.0,47,134426,卖盘
1392,10:40:36,28.31,-0.02,5,14155,卖盘
1393,10:40:40,28.31,0.0,7,19817,卖盘
1394,10:40:42,28.3,-0.01,241,682065,卖盘
1395,10:40:45,28.31,0.01,20,56608,买盘
1396,10:40:48,28.29,-0.02,46,130192,卖盘
1397,10:40:51,28.32,0.03,19,53803,买盘
1398,10:40:54,28.29,-0.03,32,90544,卖盘
1399,10:40:57,28.29,0.0,1,2829,中性盘
1400,10:41:00,28.28,-0.01,34,96155,卖盘
1401,10:41:03,28.29,0.01,149,421487,买盘
1402,10:41:06,28.3,0.01,34,97041,买盘
1403,10:41:09,28.31,0.01,37,104747,买盘
1404,10:41:12,28.31,0.0,20,56635,卖盘
1405,10:41:15,28.3,-0.01,298,843709,卖盘
1406,10:41:18,28.31,0.01,20,56620,买盘
1407,10:41:21,28.3,-0.01,64,181218,卖盘
1408,10:41:24,28.32,0.02,49,138681,买盘
1409,10:41:27,28.3,-0.02,66,186792,卖盘
1410,10:41:30,28.32,0.02,46,130270,买盘
1411,10:41:34,28.3,-0.02,251,710446,卖盘
1412,10:41:36,28.32,0.02,577,1632075,买盘
1413,10:41:39,28.33,0.01,251,711080,买盘
1414,10:41:42,28.33,0.0,141,399454,买盘
1415,10:41:45,28.33,0.0,101,286212,卖盘
1416,10:41:51,28.34,0.01,128,362853,卖盘
1417,10:41:54,28.34,0.0,55,155886,卖盘
1418,10:41:57,28.34,0.0,27,76543,卖盘
1419,10:42:00,28.34,0.0,15,42511,卖盘
1420,10:42:04,28.34,0.0,27,76518,卖盘
1421,10:42:09,28.34,0.0,102,289120,卖盘
1422,10:42:12,28.35,0.01,17,48186,买盘
1423,10:42:15,28.34,-0.01,3,8502,卖盘
1424,10:42:18,28.35,0.01,32,90688,买盘
1425,10:42:21,28.35,0.0,2,5670,买盘
1426,10:42:24,28.34,-0.01,323,915687,卖盘
1427,10:42:27,28.34,0.0,72,204048,卖盘
1428,10:42:30,28.34,0.0,25,70850,买盘
1429,10:42:33,28.34,0.0,70,198378,买盘
1430,10:42:39,28.33,-0.01,1,2833,卖盘
1431,10:42:42,28.33,0.0,359,1017349,卖盘
1432,10:42:45,28.33,0.0,107,303196,卖盘
1433,10:42:48,28.34,0.01,102,289068,买盘
1434,10:42:51,28.34,0.0,202,572468,买盘
1435,10:42:54,28.33,-0.01,68,192649,卖盘
1436,10:43:00,28.33,0.0,2,5666,卖盘
1437,10:43:04,28.33,0.0,1,2833,卖盘
1438,10:43:06,28.33,0.0,73,206881,卖盘
1439,10:43:09,28.33,0.0,30,84990,卖盘
1440,10:43:12,28.35,0.02,501,1420185,买盘
1441,10:43:18,28.35,0.0,401,1138323,买盘
1442,10:43:21,28.36,0.01,184,521792,买盘
1443,10:43:24,28.36,0.0,6,17016,买盘
1444,10:43:27,28.36,0.0,59,167310,买盘
1445,10:43:33,28.35,-0.01,18,51033,卖盘
1446,10:43:36,28.35,0.0,262,742825,卖盘
1447,10:43:39,28.35,0.0,66,187150,卖盘
1448,10:43:42,28.35,0.0,41,116264,卖盘
1449,10:43:45,28.35,0.0,9,25516,卖盘
1450,10:43:48,28.35,0.0,53,148582,卖盘
1451,10:43:51,28.35,0.0,10,28350,卖盘
1452,10:43:54,28.35,0.0,114,323262,卖盘
1453,10:43:57,28.36,0.01,363,1029752,买盘
1454,10:44:04,28.37,0.01,134,380025,买盘
1455,10:44:06,28.36,-0.01,38,107481,卖盘
1456,10:44:09,28.36,0.0,93,263748,买盘
1457,10:44:12,28.34,-0.02,502,1423669,卖盘
1458,10:44:15,28.34,0.0,11,31174,卖盘
1459,10:44:21,28.36,0.02,94,266417,买盘
1460,10:44:24,28.36,0.0,152,431280,买盘
1461,10:44:27,28.34,-0.02,60,169761,买盘
1462,10:44:30,28.33,-0.01,54,153013,卖盘
1463,10:44:33,28.33,0.0,28,79329,卖盘
1464,10:44:36,28.33,0.0,61,172813,卖盘
1465,10:44:39,28.34,0.01,46,130323,中性盘
1466,10:44:42,28.33,-0.01,112,317486,卖盘
1467,10:44:45,28.33,0.0,12,33996,卖盘
1468,10:44:48,28.32,-0.01,36,101993,卖盘
1469,10:44:51,28.32,0.0,23,65143,卖盘
1470,10:44:54,28.31,-0.01,21,59463,卖盘
1471,10:44:57,28.3,-0.01,799,2261356,卖盘
1472,10:45:00,28.3,0.0,8,22640,买盘
1473,10:45:04,28.3,0.0,3,8489,买盘
1474,10:45:06,28.3,0.0,184,520720,买盘
1475,10:45:09,28.3,0.0,24,67906,买盘
1476,10:45:12,28.3,0.0,95,268878,买盘
1477,10:45:15,28.37,0.07,205,581248,买盘
1478,10:45:18,28.3,-0.07,108,305624,卖盘
1479,10:45:21,28.3,0.0,8,22640,卖盘
1480,10:45:24,28.31,0.01,6,16986,买盘
1481,10:45:27,28.3,-0.01,46,130164,卖盘
1482,10:45:30,28.3,0.0,673,1904514,买盘
1483,10:45:33,28.29,-0.01,10,28284,卖盘
1484,10:45:36,28.28,-0.01,30,84859,卖盘
1485,10:45:39,28.28,0.0,550,1556274,卖盘
1486,10:45:42,28.28,0.0,35,98985,卖盘
1487,10:45:45,28.29,0.01,1,2829,买盘
1488,10:45:48,28.28,-0.01,36,101808,卖盘
1489,10:45:51,28.3,0.02,18,50931,买盘
1490,10:45:54,28.28,-0.02,19,53742,卖盘
1491,10:45:57,28.29,0.01,47,132980,中性盘
1492,10:46:00,28.29,0.0,58,164040,买盘
1493,10:46:04,28.29,0.0,19,53738,买盘
1494,10:46:06,28.29,0.0,21,59406,买盘
1495,10:46:09,28.29,0.0,5,14146,卖盘
1496,10:46:12,28.29,0.0,27,76383,卖盘
1497,10:46:15,28.29,0.0,221,625409,卖盘
1498,10:46:18,28.29,0.0,14,39606,卖盘
1499,10:46:24,28.29,0.0,17,48098,卖盘
1500,10:46:27,28.3,0.01,36,101874,买盘
1501,10:46:30,28.29,-0.01,22,62238,卖盘
1502,10:46:33,28.3,0.01,94,265980,买盘
1503,10:46:36,28.3,0.0,172,486734,买盘
1504,10:46:39,28.3,0.0,36,101880,卖盘
1505,10:46:42,28.3,0.0,166,469790,卖盘
1506,10:46:45,28.3,0.0,26,73580,卖盘
1507,10:46:48,28.3,0.0,5,14150,卖盘
1508,10:46:51,28.3,0.0,104,294372,卖盘
1509,10:46:54,28.3,0.0,24,67925,卖盘
1510,10:46:57,28.31,0.01,12,33963,买盘
1511,10:47:00,28.3,-0.01,22,62264,卖盘
1512,10:47:04,28.3,0.0,35,99060,卖盘
1513,10:47:06,28.3,0.0,660,1870601,卖盘
1514,10:47:09,28.31,0.01,22,62282,买盘
1515,10:47:15,28.32,0.01,23,65136,卖盘
1516,10:47:18,28.34,0.02,4,11333,中性盘
1517,10:47:21,28.32,-0.02,5,14165,卖盘
1518,10:47:24,28.32,0.0,7,19834,卖盘
1519,10:47:27,28.34,0.02,45,127512,买盘
1520,10:47:30,28.34,0.0,7,19838,卖盘
1521,10:47:33,28.34,0.0,37,104838,买盘
1522,10:47:39,28.33,-0.01,2,5666,中性盘
1523,10:47:42,28.34,0.01,9,25495,买盘
1524,10:47:45,28.34,0.0,51,144534,买盘
1525,10:47:48,28.31,-0.03,19,53792,卖盘
1526,10:47:51,28.33,0.02,25,70816,买盘
1527,10:47:54,28.32,-0.01,17,48158,卖盘
1528,10:47:57,28.32,0.0,14,39651,卖盘
1529,10:48:00,28.33,0.01,21,59493,买盘
1530,10:48:04,28.33,0.0,55,155795,中性盘
1531,10:48:06,28.32,-0.01,16,45322,卖盘
1532,10:48:12,28.31,-0.01,55,155707,卖盘
1533,10:48:15,28.31,0.0,6,16986,买盘
1534,10:48:18,28.31,0.0,10,28302,买盘
1535,10:48:21,28.3,-0.01,84,237773,卖盘
1536,10:48:24,28.32,0.02,8,22650,买盘
1537,10:48:30,28.3,-0.02,8,22640,卖盘
1538,10:48:33,28.3,0.0,10,28300,卖盘
1539,10:48:36,28.3,0.0,13,36791,卖盘
1540,10:48:39,28.31,0.01,51,144381,买盘
1541,10:48:42,28.3,-0.01,62,175460,卖盘
1542,10:48:45,28.29,-0.01,117,330994,卖盘
1543,10:48:48,28.29,0.0,27,76370,买盘
1544,10:48:54,28.29,0.0,5,14145,买盘
1545,10:48:57,28.28,-0.01,130,367745,卖盘
1546,10:49:00,28.28,0.0,2,5656,卖盘
1547,10:49:04,28.28,0.0,105,296940,卖盘
1548,10:49:06,28.28,0.0,36,101808,卖盘
1549,10:49:09,28.28,0.0,12,33936,买盘
1550,10:49:12,28.28,0.0,1,2828,买盘
1551,10:49:15,28.28,0.0,51,144228,买盘
1552,10:49:18,28.28,0.0,62,175334,卖盘
1553,10:49:21,28.28,0.0,2,5656,买盘
1554,10:49:24,28.27,-0.01,43,121568,卖盘
1555,10:49:27,28.27,0.0,49,138556,卖盘
1556,10:49:30,28.27,0.0,175,495221,卖盘
1557,10:49:33,28.27,0.0,52,147004,买盘
1558,10:49:36,28.26,-0.01,22,62173,卖盘
1559,10:49:39,28.26,0.0,68,192176,卖盘
1560,10:49:42,28.26,0.0,38,107388,卖盘
1561,10:49:45,28.26,0.0,27,76302,卖盘
1562,10:49:48,28.26,0.0,83,234558,卖盘
1563,10:49:51,28.26,0.0,52,146952,买盘
1564,10:49:54,28.25,-0.01,493,1392730,卖盘
1565,10:49:57,28.25,0.0,33,93225,买盘
1566,10:50:00,28.24,-0.01,29,81898,卖盘
1567,10:50:04,28.24,0.0,15,42360,卖盘
1568,10:50:06,28.24,0.0,48,135552,卖盘
1569,10:50:09,28.23,-0.01,60,169462,卖盘
1570,10:50:12,28.23,0.0,71,200481,卖盘
1571,10:50:15,28.24,0.01,10,28240,买盘
1572,10:50:18,28.24,0.0,32,90345,买盘
1573,10:50:21,28.22,-0.02,233,657837,卖盘
1574,10:50:24,28.24,0.02,103,290837,买盘
1575,10:50:27,28.24,0.0,171,482996,卖盘
1576,10:50:30,28.25,0.01,43,121467,买盘
1577,10:50:33,28.25,0.0,103,290970,买盘
1578,10:50:36,28.25,0.0,39,110204,卖盘
1579,10:50:39,28.25,0.0,67,189275,卖盘
1580,10:50:42,28.26,0.01,22,62172,买盘
1581,10:50:45,28.25,-0.01,55,155426,卖盘
1582,10:50:48,28.25,0.0,29,81942,卖盘
1583,10:50:51,28.25,0.0,11,31075,买盘
1584,10:50:54,28.25,0.0,140,395625,卖盘
1585,10:50:57,28.26,0.01,46,129984,买盘
1586,10:51:00,28.25,-0.01,573,1619282,卖盘
1587,10:51:04,28.26,0.01,112,316486,买盘
1588,10:51:06,28.25,-0.01,55,155421,卖盘
1589,10:51:09,28.25,0.0,1,2825,卖盘
1590,10:51:12,28.25,0.0,11,31075,卖盘
1591,10:51:15,28.25,0.0,28,79102,买盘
1592,10:51:18,28.26,0.01,5,14130,买盘
1593,10:51:21,28.26,0.0,164,463601,卖盘
1594,10:51:24,28.28,0.02,615,1738139,买盘
1595,10:51:27,28.3,0.02,277,783599,买盘
1596,10:51:30,28.28,-0.02,127,359454,中性盘
1597,10:51:33,28.28,0.0,15,42459,卖盘
1598,10:51:36,28.31,0.03,56,158557,买盘
1599,10:51:39,28.32,0.01,34,96278,买盘
1600,10:51:42,28.33,0.01,29,82129,买盘
1601,10:51:45,28.31,-0.02,20,56620,卖盘
1602,10:51:48,28.33,0.02,35,99147,买盘
1603,10:51:51,28.3,-0.03,69,195296,卖盘
1604,10:51:54,28.31,0.01,25,70772,买盘
1605,10:51:57,28.28,-0.03,115,325520,卖盘
1606,10:52:00,28.31,0.03,20,56605,买盘
1607,10:52:04,28.31,0.0,9,25477,买盘
1608,10:52:06,28.3,-0.01,52,147186,卖盘
1609,10:52:09,28.3,0.0,31,87730,买盘
1610,10:52:12,28.3,0.0,32,90560,买盘
1611,10:52:15,28.3,0.0,54,152820,买盘
1612,10:52:18,28.29,-0.01,219,619372,卖盘
1613,10:52:21,28.29,0.0,57,161239,买盘
1614,10:52:24,28.29,0.0,5,14145,买盘
1615,10:52:27,28.25,-0.04,42,118778,卖盘
1616,10:52:30,28.25,0.0,14,39553,卖盘
1617,10:52:33,28.25,0.0,67,189516,卖盘
1618,10:52:36,28.25,0.0,20,56512,买盘
1619,10:52:39,28.28,0.03,11,31108,买盘
1620,10:52:45,28.26,-0.02,1,2826,卖盘
1621,10:52:48,28.27,0.01,12,33932,卖盘
1622,10:52:51,28.27,0.0,53,149883,卖盘
1623,10:52:54,28.26,-0.01,8,22619,卖盘
1624,10:52:57,28.26,0.0,60,169644,卖盘
1625,10:53:00,28.27,0.01,16,45231,买盘
1626,10:53:04,28.27,0.0,4,11307,买盘
1627,10:53:09,28.27,0.0,72,203544,买盘
1628,10:53:12,28.26,-0.01,19,53706,卖盘
1629,10:53:15,28.26,0.0,36,101736,卖盘
1630,10:53:18,28.26,0.0,2,5652,卖盘
1631,10:53:21,28.26,0.0,204,576786,卖盘
1632,10:53:24,28.26,0.0,119,336400,卖盘
1633,10:53:27,28.27,0.01,102,288351,买盘
1634,10:53:30,28.27,0.0,11,31097,买盘
1635,10:53:36,28.27,0.0,402,1136454,买盘
1636,10:53:39,28.26,-0.01,14,39575,卖盘
1637,10:53:42,28.28,0.02,479,1354531,买盘
1638,10:53:45,28.28,0.0,63,178142,买盘
1639,10:53:48,28.27,-0.01,14,39583,卖盘
1640,10:53:51,28.27,0.0,10,28270,卖盘
1641,10:53:54,28.28,0.01,10,28272,买盘
1642,10:53:57,28.26,-0.02,8,22608,卖盘
1643,10:54:00,28.26,0.0,35,98920,卖盘
1644,10:54:04,28.27,0.01,42,118722,买盘
1645,10:54:06,28.27,0.0,1,2827,卖盘
1646,10:54:09,28.28,0.01,29,82012,买盘
1647,10:54:12,28.27,-0.01,106,299750,卖盘
1648,10:54:15,28.28,0.01,2,5656,买盘
1649,10:54:18,28.28,0.0,52,147055,买盘
1650,10:54:21,28.28,0.0,245,692860,买盘
1651,10:54:24,28.27,-0.01,47,132874,卖盘
1652,10:54:27,28.28,0.01,2,5656,买盘
1653,10:54:30,28.28,0.0,38,107437,买盘
1654,10:54:33,28.28,0.0,266,752180,买盘
1655,10:54:39,28.28,0.0,56,158419,卖盘
1656,10:54:42,28.29,0.01,4,11316,买盘
1657,10:54:45,28.28,-0.01,32,90506,卖盘
1658,10:54:48,28.29,0.01,213,602567,买盘
1659,10:54:51,28.28,-0.01,11,31112,卖盘
1660,10:54:54,28.28,0.0,33,93335,卖盘
1661,10:54:57,28.29,0.01,776,2195287,买盘
1662,10:55:00,28.3,0.01,25,70737,买盘
1663,10:55:04,28.29,-0.01,38,107538,卖盘
1664,10:55:09,28.3,0.01,36,101878,买盘
1665,10:55:12,28.29,-0.01,60,169783,卖盘
1666,10:55:15,28.31,0.02,23,65112,买盘
1667,10:55:18,28.31,0.0,24,67944,卖盘
1668,10:55:21,28.31,0.0,40,113240,卖盘
1669,10:55:24,28.31,0.0,6,16991,卖盘
1670,10:55:27,28.32,0.01,24,67968,买盘
1671,10:55:30,28.31,-0.01,63,178412,卖盘
1672,10:55:33,28.32,0.01,52,147264,买盘
1673,10:55:36,28.32,0.0,5,14160,买盘
1674,10:55:39,28.31,-0.01,7,19817,卖盘
1675,10:55:42,28.34,0.03,523,1481426,买盘
1676,10:55:45,28.34,0.0,66,187044,卖盘
1677,10:55:51,28.34,0.0,237,671728,卖盘
1678,10:55:54,28.34,0.0,13,36847,卖盘
1679,10:55:57,28.34,0.0,148,419435,卖盘
1680,10:56:00,28.34,0.0,20,56680,卖盘
1681,10:56:04,28.34,0.0,50,141684,买盘
1682,10:56:06,28.33,-0.01,5,14165,卖盘
1683,10:56:09,28.34,0.01,53,150201,买盘
1684,10:56:12,28.33,-0.01,11,31163,卖盘
1685,10:56:15,28.33,0.0,17,48172,卖盘
1686,10:56:18,28.33,0.0,22,62341,卖盘
1687,10:56:21,28.34,0.01,6,17004,买盘
1688,10:56:24,28.32,-0.02,78,220986,卖盘
1689,10:56:27,28.32,0.0,87,246488,卖盘
1690,10:56:30,28.32,0.0,65,184127,卖盘
1691,10:56:33,28.32,0.0,51,144432,卖盘
1692,10:56:36,28.32,0.0,2,5664,买盘
1693,10:56:39,28.32,0.0,3,8496,买盘
1694,10:56:42,28.32,0.0,6,16992,买盘
1695,10:56:45,28.31,-0.01,137,387846,卖盘
1696,10:56:48,28.29,-0.02,51,144319,卖盘
1697,10:56:51,28.29,0.0,1,2829,卖盘
1698,10:56:54,28.29,0.0,19,53769,卖盘
1699,10:56:57,28.3,0.01,34,96220,卖盘
1700,10:57:00,28.31,0.01,4,11324,买盘
1701,10:57:04,28.31,0.0,102,288760,买盘
1702,10:57:06,28.31,0.0,302,854962,买盘
1703,10:57:09,28.3,-0.01,206,582999,卖盘
1704,10:57:12,28.3,0.0,4,11321,卖盘
1705,10:57:15,28.31,0.01,36,101941,中性盘
1706,10:57:18,28.3,-0.01,9,25470,卖盘
1707,10:57:21,28.33,0.03,171,484381,买盘
1708,10:57:24,28.33,0.0,5,14165,买盘
1709,10:57:27,28.31,-0.02,199,563276,卖盘
1710,10:57:30,28.31,0.0,27,76437,买盘
1711,10:57:33,28.32,0.01,10,28314,买盘
1712,10:57:36,28.32,0.0,30,84960,卖盘
1713,10:57:39,28.32,0.0,52,147264,买盘
1714,10:57:42,28.32,0.0,4,11328,买盘
1715,10:57:48,28.32,0.0,13,36813,买盘
1716,10:57:51,28.3,-0.02,115,325501,卖盘
1717,10:57:54,28.32,0.02,6,16992,买盘
1718,10:57:57,28.32,0.0,151,427439,买盘
1719,10:58:00,28.29,-0.03,12,33950,卖盘
1720,10:58:04,28.31,0.02,57,161365,中性盘
1721,10:58:06,28.31,0.0,10,28316,卖盘
1722,10:58:09,28.31,0.0,50,141572,卖盘
1723,10:58:12,28.31,0.0,17,48127,卖盘
1724,10:58:15,28.31,0.0,122,345350,买盘
1725,10:58:18,28.32,0.01,18,50964,买盘
1726,10:58:21,28.31,-0.01,24,67940,卖盘
1727,10:58:24,28.31,0.0,16,45296,买盘
1728,10:58:27,28.3,-0.01,31,87730,卖盘
1729,10:58:30,28.31,0.01,5,14152,买盘
1730,10:58:33,28.31,0.0,116,328332,买盘
1731,10:58:36,28.3,-0.01,5,14150,中性盘
1732,10:58:39,28.3,0.0,3,8490,买盘
1733,10:58:42,28.26,-0.04,117,330722,卖盘
1734,10:58:45,28.26,0.0,5,14130,买盘
1735,10:58:51,28.3,0.04,8,22632,买盘
1736,10:58:54,28.3,0.0,37,104732,卖盘
1737,10:58:57,28.3,0.0,36,101880,卖盘
1738,10:59:00,28.27,-0.03,11,31100,卖盘
1739,10:59:04,28.3,0.03,40,113195,买盘
1740,10:59:06,28.28,-0.02,35,99040,卖盘
1741,10:59:09,28.3,0.02,74,209404,买盘
1742,10:59:15,28.3,0.0,5,14150,买盘
1743,10:59:18,28.29,-0.01,3,8487,卖盘
1744,10:59:21,28.29,0.0,15,42435,卖盘
1745,10:59:24,28.29,0.0,6,16970,买盘
1746,10:59:27,28.29,0.0,56,158477,卖盘
1747,10:59:33,28.29,0.0,53,149932,买盘
1748,10:59:36,28.28,-0.01,10,28280,卖盘
1749,10:59:45,28.28,0.0,78,220584,卖盘
1750,10:59:48,28.29,0.01,37,104672,买盘
1751,10:59:51,28.28,-0.01,112,316736,卖盘
1752,10:59:54,28.29,0.01,8,22629,买盘
1753,10:59:57,28.29,0.0,22,62220,买盘
1754,11:00:00,28.28,-0.01,97,274323,卖盘
1755,11:00:04,28.29,0.01,124,350709,买盘
1756,11:00:06,28.28,-0.01,42,118776,卖盘
1757,11:00:12,28.28,0.0,6,16968,卖盘
1758,11:00:15,28.28,0.0,138,390264,卖盘
1759,11:00:18,28.28,0.0,4,11312,买盘
1760,11:00:21,28.28,0.0,59,166852,买盘
1761,11:00:24,28.27,-0.01,16,45240,卖盘
1762,11:00:27,28.27,0.0,1,2827,卖盘
1763,11:00:30,28.27,0.0,540,1527053,卖盘
1764,11:00:33,28.28,0.01,231,653082,买盘
1765,11:00:36,28.28,0.0,150,424344,卖盘
1766,11:00:39,28.29,0.01,256,724219,买盘
1767,11:00:42,28.28,-0.01,131,370560,卖盘
1768,11:00:45,28.29,0.01,29,82030,买盘
1769,11:00:48,28.28,-0.01,166,469587,卖盘
1770,11:00:51,28.29,0.01,6,16974,中性盘
1771,11:00:54,28.3,0.01,14,39612,买盘
1772,11:00:57,28.28,-0.02,193,546058,卖盘
1773,11:01:00,28.31,0.03,140,396261,买盘
1774,11:01:04,28.3,-0.01,285,806761,卖盘
1775,11:01:06,28.32,0.02,37,104784,买盘
1776,11:01:09,28.31,-0.01,30,84954,卖盘
1777,11:01:12,28.32,0.01,114,322841,买盘
1778,11:01:15,28.31,-0.01,53,150095,卖盘
1779,11:01:18,28.32,0.01,56,158589,买盘
1780,11:01:21,28.33,0.01,275,778496,买盘
1781,11:01:24,28.33,0.0,7,19828,买盘
1782,11:01:27,28.31,-0.02,6,16986,中性盘
1783,11:01:30,28.32,0.01,3,8496,中性盘
1784,11:01:33,28.32,0.0,55,155760,买盘
1785,11:01:36,28.31,-0.01,61,172746,卖盘
1786,11:01:39,28.33,0.02,85,240791,买盘
1787,11:01:42,28.32,-0.01,18,50959,中性盘
1788,11:01:45,28.32,0.0,119,337003,买盘
1789,11:01:51,28.31,-0.01,107,302969,卖盘
1790,11:01:54,28.31,0.0,5,14155,买盘
1791,11:01:57,28.31,0.0,45,127395,买盘
1792,11:02:00,28.31,0.0,66,186846,买盘
1793,11:02:04,28.3,-0.01,8,22642,卖盘
1794,11:02:06,28.3,0.0,43,121727,卖盘
1795,11:02:09,28.31,0.01,29,82098,买盘
1796,11:02:12,28.32,0.01,34,96277,买盘
1797,11:02:15,28.31,-0.01,84,237814,卖盘
1798,11:02:21,28.31,0.0,47,133057,买盘
1799,11:02:24,28.31,0.0,121,342555,买盘
1800,11:02:27,28.3,-0.01,54,152872,卖盘
1801,11:02:30,28.31,0.01,61,172690,买盘
1802,11:02:33,28.3,-0.01,21,59436,卖盘
1803,11:02:36,28.31,0.01,60,169893,买盘
1804,11:02:42,28.31,0.0,28,79266,买盘
1805,11:02:45,28.3,-0.01,86,243460,卖盘
1806,11:02:48,28.3,0.0,298,843340,卖盘
1807,11:02:51,28.3,0.0,94,266016,卖盘
1808,11:02:54,28.28,-0.02,6,16978,卖盘
1809,11:03:00,28.3,0.02,1,2830,买盘
1810,11:03:04,28.3,0.0,52,147160,买盘
1811,11:03:06,28.29,-0.01,49,138662,卖盘
1812,11:03:09,28.3,0.01,1,2830,买盘
1813,11:03:12,28.29,-0.01,35,99049,卖盘
1814,11:03:18,28.3,0.01,4,11320,买盘
1815,11:03:21,28.3,0.0,76,215060,买盘
1816,11:03:24,28.3,0.0,39,110375,买盘
1817,11:03:27,28.3,0.0,61,172631,卖盘
1818,11:03:30,28.3,0.0,27,76410,买盘
1819,11:03:33,28.3,0.0,8,22636,买盘
1820,11:03:36,28.29,-0.01,57,161289,卖盘
1821,11:03:39,28.29,0.0,68,192372,卖盘
1822,11:03:42,28.29,0.0,6,16974,买盘
1823,11:03:45,28.29,0.0,2,5657,买盘
1824,11:03:48,28.29,0.0,24,67892,买盘
1825,11:03:51,28.28,-0.01,36,101809,卖盘
1826,11:03:54,28.29,0.01,40,113143,买盘
1827,11:03:57,28.28,-0.01,82,231948,卖盘
1828,11:04:00,28.28,0.0,1,2828,卖盘
1829,11:04:04,28.28,0.0,22,62216,卖盘
1830,11:04:06,28.29,0.01,37,104671,买盘
1831,11:04:09,28.29,0.0,2,5658,买盘
1832,11:04:15,28.28,-0.01,73,206516,卖盘
1833,11:04:18,28.28,0.0,109,308320,卖盘
1834,11:04:21,28.29,0.01,16,45258,买盘
1835,11:04:24,28.29,0.0,16,45262,买盘
1836,11:04:27,28.28,-0.01,62,175336,卖盘
1837,11:04:30,28.28,0.0,45,127266,卖盘
1838,11:04:33,28.29,0.01,103,291365,买盘
1839,11:04:36,28.28,-0.01,85,240421,卖盘
1840,11:04:39,28.29,0.01,25,70708,买盘
1841,11:04:42,28.28,-0.01,43,121567,买盘
1842,11:04:45,28.28,0.0,38,107402,买盘
1843,11:04:48,28.26,-0.02,60,169597,卖盘
1844,11:04:51,28.28,0.02,55,155537,买盘
1845,11:04:54,28.28,0.0,16,45248,买盘
1846,11:04:57,28.28,0.0,46,130075,买盘
1847,11:05:00,28.27,-0.01,19,53717,卖盘
1848,11:05:03,28.25,-0.02,42,118731,卖盘
1849,11:05:06,28.29,0.04,37,104639,买盘
1850,11:05:09,28.28,-0.01,56,158415,中性盘
1851,11:05:12,28.27,-0.01,3,8481,买盘
1852,11:05:15,28.26,-0.01,40,113074,卖盘
1853,11:05:18,28.26,0.0,5,14132,卖盘
1854,11:05:21,28.26,0.0,4,11307,卖盘
1855,11:05:24,28.26,0.0,54,152609,卖盘
1856,11:05:27,28.26,0.0,22,62170,买盘
1857,11:05:30,28.26,0.0,22,62172,卖盘
1858,11:05:33,28.26,0.0,2,5652,卖盘
1859,11:05:36,28.26,0.0,92,260053,卖盘
1860,11:05:39,28.26,0.0,5,14130,卖盘
1861,11:05:42,28.26,0.0,23,64998,买盘
1862,11:05:45,28.26,0.0,60,169553,买盘
1863,11:05:48,28.27,0.01,29,81956,买盘
1864,11:05:51,28.27,0.0,30,84810,买盘
1865,11:05:54,28.28,0.01,123,347638,买盘
1866,11:05:57,28.28,0.0,43,121618,卖盘
1867,11:06:00,28.28,0.0,29,82012,卖盘
1868,11:06:04,28.28,0.0,57,161196,买盘
1869,11:06:06,28.28,0.0,38,107464,买盘
1870,11:06:09,28.27,-0.01,20,56540,卖盘
1871,11:06:12,28.28,0.01,218,616503,买盘
1872,11:06:15,28.29,0.01,6,16974,买盘
1873,11:06:18,28.28,-0.01,87,246082,卖盘
1874,11:06:21,28.29,0.01,51,144279,买盘
1875,11:06:24,28.3,0.01,14,39603,买盘
1876,11:06:27,28.29,-0.01,11,31119,卖盘
1877,11:06:33,28.3,0.01,35,99049,买盘
1878,11:06:36,28.3,0.0,63,178290,买盘
1879,11:06:39,28.3,0.0,87,246198,买盘
1880,11:06:42,28.3,0.0,35,99034,买盘
1881,11:06:45,28.29,-0.01,29,82041,卖盘
1882,11:06:48,28.29,0.0,101,285733,卖盘
1883,11:06:51,28.28,-0.01,281,794928,卖盘
1884,11:06:54,28.3,0.02,5,14148,买盘
1885,11:06:57,28.29,-0.01,2,5658,买盘
1886,11:07:00,28.28,-0.01,258,729697,卖盘
1887,11:07:04,28.28,0.0,5,14142,卖盘
1888,11:07:09,28.3,0.02,33,93386,买盘
1889,11:07:15,28.3,0.0,80,226398,买盘
1890,11:07:18,28.28,-0.02,37,104702,卖盘
1891,11:07:21,28.28,0.0,4,11312,卖盘
1892,11:07:24,28.3,0.02,197,557504,买盘
1893,11:07:27,28.3,0.0,59,166970,卖盘
1894,11:07:30,28.3,0.0,74,209390,买盘
1895,11:07:33,28.3,0.0,117,331109,买盘
1896,11:07:36,28.29,-0.01,3,8487,中性盘
1897,11:07:39,28.3,0.01,34,96220,买盘
1898,11:07:42,28.29,-0.01,10,28290,卖盘
1899,11:07:45,28.29,0.0,128,362112,卖盘
1900,11:07:48,28.29,0.0,110,311189,买盘
1901,11:07:51,28.29,0.0,11,31119,买盘
1902,11:07:54,28.29,0.0,10,28295,卖盘
1903,11:07:57,28.3,0.01,7,19806,买盘
1904,11:08:00,28.3,0.0,57,161310,买盘
1905,11:08:03,28.3,0.0,19,53753,买盘
1906,11:08:06,28.3,0.0,1,2830,买盘
1907,11:08:09,28.3,0.0,94,266015,买盘
1908,11:08:15,28.28,-0.02,45,127302,卖盘
1909,11:08:18,28.29,0.01,10,28290,买盘
1910,11:08:21,28.28,-0.01,20,56561,卖盘
1911,11:08:24,28.29,0.01,35,99015,买盘
1912,11:08:27,28.29,0.0,27,76383,买盘
1913,11:08:30,28.29,0.0,176,498078,卖盘
1914,11:08:33,28.3,0.01,84,237719,买盘
1915,11:08:36,28.31,0.01,575,1627804,买盘
1916,11:08:39,28.31,0.0,53,150079,买盘
1917,11:08:42,28.3,-0.01,197,557680,卖盘
1918,11:08:45,28.31,0.01,63,178392,卖盘
1919,11:08:48,28.31,0.0,1,2831,买盘
1920,11:08:51,28.3,-0.01,10,28300,卖盘
1921,11:08:54,28.31,0.01,5,14155,买盘
1922,11:08:58,28.31,0.0,6,16981,买盘
1923,11:09:00,28.31,0.0,56,158534,买盘
1924,11:09:04,28.31,0.0,72,203832,买盘
1925,11:09:06,28.31,0.0,32,90592,买盘
1926,11:09:09,28.3,-0.01,138,390540,卖盘
1927,11:09:12,28.3,0.0,5,14149,买盘
1928,11:09:15,28.3,0.0,104,294320,买盘
1929,11:09:18,28.3,0.0,40,113203,卖盘
1930,11:09:21,28.31,0.01,60,169860,买盘
1931,11:09:24,28.31,0.0,15,42461,买盘
1932,11:09:27,28.31,0.0,84,237804,买盘
1933,11:09:30,28.31,0.0,2,5662,买盘
1934,11:09:33,28.31,0.0,54,152871,买盘
1935,11:09:36,28.31,0.0,40,113240,买盘
1936,11:09:39,28.31,0.0,88,249128,买盘
1937,11:09:45,28.3,-0.01,39,110390,卖盘
1938,11:09:48,28.3,0.0,66,186835,卖盘
1939,11:09:51,28.31,0.01,16,45281,买盘
1940,11:09:54,28.31,0.0,41,116041,买盘
1941,11:09:57,28.31,0.0,51,144381,买盘
1942,11:10:00,28.3,-0.01,29,82070,卖盘
1943,11:10:03,28.31,0.01,4,11324,买盘
1944,11:10:06,28.31,0.0,11,31141,买盘
1945,11:10:09,28.31,0.0,53,150043,买盘
1946,11:10:15,28.32,0.01,128,362474,买盘
1947,11:10:18,28.31,-0.01,1,2831,卖盘
1948,11:10:21,28.32,0.01,153,433055,买盘
1949,11:10:24,28.32,0.0,5,14159,买盘
1950,11:10:27,28.32,0.0,3,8496,买盘
1951,11:10:30,28.31,-0.01,118,334158,卖盘
1952,11:10:33,28.31,0.0,88,249127,买盘
1953,11:10:39,28.31,0.0,32,90590,买盘
1954,11:10:45,28.29,-0.02,50,141489,卖盘
1955,11:10:48,28.29,0.0,2,5659,卖盘
1956,11:10:51,28.29,0.0,60,169774,卖盘
1957,11:10:54,28.3,0.01,56,158485,卖盘
1958,11:10:57,28.29,-0.01,61,172634,卖盘
1959,11:11:04,28.3,0.01,1,2830,卖盘
1960,11:11:06,28.3,0.0,58,164108,买盘
1961,11:11:09,28.31,0.01,210,594410,买盘
1962,11:11:12,28.31,0.0,25,70775,买盘
1963,11:11:15,28.31,0.0,8,22647,买盘
1964,11:11:18,28.3,-0.01,13,36790,卖盘
1965,11:11:21,28.3,0.0,12,33959,卖盘
1966,11:11:24,28.3,0.0,29,82096,买盘
1967,11:11:27,28.31,0.01,53,150043,买盘
1968,11:11:30,28.3,-0.01,6,16980,卖盘
1969,11:11:33,28.3,0.0,179,506571,卖盘
1970,11:11:36,28.31,0.01,141,399071,买盘
1971,11:11:39,28.31,0.0,37,104740,买盘
1972,11:11:42,28.3,-0.01,13,36790,卖盘
1973,11:11:45,28.31,0.01,64,181181,买盘
1974,11:11:54,28.31,0.0,15,42465,买盘
1975,11:11:57,28.3,-0.01,7,19813,卖盘
1976,11:12:00,28.3,0.0,3,8490,卖盘
1977,11:12:04,28.3,0.0,86,243380,卖盘
1978,11:12:06,28.3,0.0,6,16980,买盘
1979,11:12:09,28.3,0.0,32,90560,买盘
1980,11:12:12,28.31,0.01,42,118900,买盘
1981,11:12:15,28.29,-0.02,188,531928,卖盘
1982,11:12:18,28.31,0.02,35,99061,买盘
1983,11:12:21,28.31,0.0,53,150042,买盘
1984,11:12:24,28.31,0.0,27,76428,买盘
1985,11:12:27,28.3,-0.01,24,67920,卖盘
1986,11:12:36,28.3,0.0,48,135840,买盘
1987,11:12:39,28.31,0.01,83,234927,买盘
1988,11:12:42,28.3,-0.01,72,203805,中性盘
1989,11:12:45,28.31,0.01,71,201001,买盘
1990,11:12:48,28.31,0.0,4,11324,卖盘
1991,11:12:51,28.32,0.01,210,594720,买盘
1992,11:12:54,28.31,-0.01,28,79290,卖盘
1993,11:12:57,28.32,0.01,43,121775,买盘
1994,11:13:00,28.32,0.0,13,36816,买盘
1995,11:13:04,28.32,0.0,16,45312,买盘
1996,11:13:06,28.31,-0.01,144,407798,卖盘
1997,11:13:09,28.31,0.0,68,192531,卖盘
1998,11:13:12,28.32,0.01,51,144414,买盘
1999,11:13:15,28.32,0.0,44,124608,买盘
2000,11:13:18,28.31,-0.01,161,455944,卖盘
2001,11:13:21,28.3,-0.01,147,416143,卖盘
2002,11:13:24,28.31,0.01,35,99062,买盘
2003,11:13:27,28.31,0.0,17,48126,买盘
2004,11:13:30,28.31,0.0,64,181133,买盘
2005,11:13:33,28.31,0.0,43,121733,买盘
2006,11:13:36,28.3,-0.01,148,418852,卖盘
2007,11:13:39,28.3,0.0,7,19810,卖盘
2008,11:13:42,28.3,0.0,124,350947,卖盘
2009,11:13:45,28.31,0.01,2,5662,买盘
2010,11:13:48,28.31,0.0,15,42465,买盘
2011,11:13:51,28.3,-0.01,12,33969,卖盘
2012,11:13:54,28.3,0.0,71,201024,卖盘
2013,11:13:57,28.31,0.01,34,96221,买盘
2014,11:14:00,28.3,-0.01,9,25470,卖盘
2015,11:14:04,28.3,0.0,72,203760,卖盘
2016,11:14:06,28.3,0.0,15,42455,卖盘
2017,11:14:09,28.31,0.01,50,141515,买盘
2018,11:14:12,28.31,0.0,235,665437,买盘
2019,11:14:18,28.31,0.0,33,93423,卖盘
2020,11:14:24,28.31,0.0,43,121737,卖盘
2021,11:14:27,28.31,0.0,478,1354071,卖盘
2022,11:14:30,28.32,0.01,26,73632,中性盘
2023,11:14:33,28.32,0.0,1,2832,卖盘
2024,11:14:36,28.31,-0.01,231,654037,卖盘
2025,11:14:39,28.31,0.0,11,31141,买盘
2026,11:14:42,28.31,0.0,99,280268,买盘
2027,11:14:45,28.3,-0.01,42,118860,卖盘
2028,11:14:48,28.29,-0.01,53,149989,卖盘
2029,11:14:51,28.29,0.0,86,243376,卖盘
2030,11:14:54,28.3,0.01,5,14150,买盘
2031,11:14:57,28.29,-0.01,2,5658,卖盘
2032,11:15:00,28.29,0.0,16,45264,卖盘
2033,11:15:04,28.3,0.01,2,5659,买盘
2034,11:15:06,28.29,-0.01,55,155647,卖盘
2035,11:15:09,28.3,0.01,39,110341,买盘
2036,11:15:12,28.29,-0.01,113,319784,卖盘
2037,11:15:15,28.29,0.0,34,96218,卖盘
2038,11:15:18,28.29,0.0,96,271621,卖盘
2039,11:15:21,28.28,-0.01,36,101836,卖盘
2040,11:15:24,28.28,0.0,71,200845,卖盘
2041,11:15:27,28.29,0.01,54,152762,买盘
2042,11:15:30,28.28,-0.01,34,96152,卖盘
2043,11:15:33,28.29,0.01,135,381858,买盘
2044,11:15:36,28.27,-0.02,9,25443,卖盘
2045,11:15:39,28.28,0.01,1,2828,买盘
2046,11:15:42,28.29,0.01,166,469556,买盘
2047,11:15:45,28.27,-0.02,2,5654,卖盘
2048,11:15:48,28.27,0.0,65,183755,卖盘
2049,11:15:51,28.29,0.02,27,76377,买盘
2050,11:15:54,28.29,0.0,9,25459,买盘
2051,11:15:57,28.27,-0.02,55,155567,卖盘
2052,11:16:00,28.27,0.0,371,1049191,卖盘
2053,11:16:04,28.27,0.0,130,367510,买盘
2054,11:16:06,28.27,0.0,88,248776,买盘
2055,11:16:09,28.27,0.0,17,48059,卖盘
2056,11:16:12,28.3,0.03,256,724174,买盘
2057,11:16:15,28.3,0.0,34,96220,买盘
2058,11:16:18,28.29,-0.01,52,147108,中性盘
2059,11:16:21,28.29,0.0,23,65067,买盘
2060,11:16:24,28.27,-0.02,65,183824,卖盘
2061,11:16:27,28.28,0.01,158,446824,买盘
2062,11:16:30,28.28,0.0,91,257348,买盘
2063,11:16:33,28.28,0.0,5,14140,卖盘
2064,11:16:36,28.28,0.0,60,169733,卖盘
2065,11:16:39,28.27,-0.01,27,76342,卖盘
2066,11:16:42,28.29,0.02,24,67895,买盘
2067,11:16:45,28.3,0.01,29,82070,买盘
2068,11:16:51,28.29,-0.01,40,113160,卖盘
2069,11:16:54,28.31,0.02,37,104715,买盘
2070,11:16:57,28.31,0.0,8,22643,买盘
2071,11:17:00,28.3,-0.01,20,56600,卖盘
2072,11:17:03,28.3,0.0,3,8491,卖盘
2073,11:17:06,28.29,-0.01,57,161334,卖盘
2074,11:17:09,28.3,0.01,9,25470,买盘
2075,11:17:12,28.31,0.01,122,345321,买盘
2076,11:17:15,28.29,-0.02,18,50924,卖盘
2077,11:17:18,28.29,0.0,9,25461,买盘
2078,11:17:21,28.3,0.01,57,161305,买盘
2079,11:17:24,28.3,0.0,8,22640,买盘
2080,11:17:27,28.32,0.02,17,48144,买盘
2081,11:17:36,28.3,-0.02,37,104710,卖盘
2082,11:17:39,28.3,0.0,234,662199,卖盘
2083,11:17:42,28.3,0.0,114,322620,买盘
2084,11:17:45,28.29,-0.01,7,19803,卖盘
2085,11:17:48,28.29,0.0,55,155595,卖盘
2086,11:17:51,28.27,-0.02,47,132917,卖盘
2087,11:17:54,28.29,0.02,5,14145,买盘
2088,11:18:00,28.29,0.0,39,110331,买盘
2089,11:18:04,28.29,0.0,15,42435,卖盘
2090,11:18:09,28.3,0.01,39,110353,买盘
2091,11:18:12,28.3,0.0,115,325450,买盘
2092,11:18:15,28.3,0.0,4,11320,买盘
2093,11:18:18,28.29,-0.01,14,39612,卖盘
2094,11:18:21,28.28,-0.01,232,656253,卖盘
2095,11:18:24,28.3,0.02,5,14150,买盘
2096,11:18:27,28.29,-0.01,41,115999,卖盘
2097,11:18:30,28.29,0.0,16,45254,买盘
2098,11:18:33,28.3,0.01,46,130154,买盘
2099,11:18:36,28.28,-0.02,5,14144,卖盘
2100,11:18:39,28.29,0.01,16,45264,买盘
2101,11:18:42,28.29,0.0,118,333819,买盘
2102,11:18:45,28.29,0.0,30,84869,买盘
2103,11:18:48,28.28,-0.01,11,31118,卖盘
2104,11:18:51,28.29,0.01,256,724224,买盘
2105,11:18:54,28.3,0.01,32,90560,买盘
2106,11:18:57,28.29,-0.01,37,104673,卖盘
2107,11:19:00,28.3,0.01,25,70750,买盘
2108,11:19:04,28.32,0.02,320,905760,买盘
2109,11:19:09,28.32,0.0,27,76447,买盘
2110,11:19:12,28.31,-0.01,168,475845,卖盘
2111,11:19:15,28.28,-0.03,109,308438,卖盘
2112,11:19:18,28.28,0.0,1,2828,卖盘
2113,11:19:24,28.3,0.02,18,50928,卖盘
2114,11:19:27,28.3,0.0,10,28300,买盘
2115,11:19:33,28.31,0.01,45,127392,买盘
2116,11:19:36,28.31,0.0,12,33972,卖盘
2117,11:19:39,28.31,0.0,1,2831,卖盘
2118,11:19:42,28.31,0.0,133,376752,卖盘
2119,11:19:45,28.28,-0.03,15,42456,卖盘
2120,11:19:48,28.33,0.05,27,76451,买盘
2121,11:19:51,28.28,-0.05,51,144228,卖盘
2122,11:19:54,28.31,0.03,52,147071,买盘
2123,11:20:04,28.28,-0.03,1,2828,卖盘
2124,11:20:06,28.31,0.03,5,14155,买盘
2125,11:20:09,28.31,0.0,13,36782,买盘
2126,11:20:12,28.31,0.0,318,900258,买盘
2127,11:20:18,28.29,-0.02,18,50934,卖盘
2128,11:20:24,28.31,0.02,60,169794,买盘
2129,11:20:33,28.28,-0.03,1,2828,卖盘
2130,11:20:36,28.29,0.01,16,45274,买盘
2131,11:20:39,28.29,0.0,2,5659,卖盘
2132,11:20:42,28.31,0.02,107,302904,买盘
2133,11:20:45,28.31,0.0,163,461448,买盘
2134,11:20:48,28.31,0.0,108,305748,买盘
2135,11:20:51,28.32,0.01,165,467279,买盘
2136,11:20:54,28.33,0.01,228,647047,买盘
2137,11:20:57,28.32,-0.01,148,419390,卖盘
2138,11:21:00,28.31,-0.01,33,92321,卖盘
2139,11:21:04,28.32,0.01,90,254879,买盘
2140,11:21:06,28.32,0.0,27,76459,买盘
2141,11:21:09,28.32,0.0,67,189734,买盘
2142,11:21:12,28.33,0.01,177,501285,买盘
2143,11:21:15,28.33,0.0,2,5666,买盘
2144,11:21:18,28.33,0.0,43,121743,买盘
2145,11:21:22,28.31,-0.02,2,5664,卖盘
2146,11:21:24,28.33,0.02,6,16996,买盘
2147,11:21:27,28.33,0.0,95,269010,买盘
2148,11:21:33,28.31,-0.02,59,167047,卖盘
2149,11:21:36,28.31,0.0,66,186847,卖盘
2150,11:21:39,28.29,-0.02,382,1081081,卖盘
2151,11:21:42,28.29,0.0,266,752690,卖盘
2152,11:21:45,28.28,-0.01,196,554479,卖盘
2153,11:21:48,28.29,0.01,4,11315,买盘
2154,11:21:51,28.27,-0.02,56,158355,卖盘
2155,11:21:54,28.28,0.01,207,585386,买盘
2156,11:21:57,28.26,-0.02,100,282600,卖盘
2157,11:22:00,28.26,0.0,12,33912,卖盘
2158,11:22:03,28.25,-0.01,20,56512,卖盘
2159,11:22:06,28.25,0.0,179,505697,卖盘
2160,11:22:09,28.25,0.0,2107,5945897,买盘
2161,11:22:12,28.23,-0.02,34,96001,卖盘
2162,11:22:15,28.2,-0.03,149,420618,卖盘
2163,11:22:21,28.2,0.0,51,143904,卖盘
2164,11:22:24,28.2,0.0,23,64906,卖盘
2165,11:22:27,28.19,-0.01,407,1147614,卖盘
2166,11:22:30,28.2,0.01,163,459745,买盘
2167,11:22:33,28.21,0.01,4,11281,中性盘
2168,11:22:36,28.2,-0.01,11,31021,卖盘
2169,11:22:39,28.21,0.01,11,31303,中性盘
2170,11:22:42,28.24,0.03,47,132362,买盘
2171,11:22:45,28.18,-0.06,380,1071941,卖盘
2172,11:22:48,28.25,0.07,252,710445,买盘
2173,11:22:51,28.19,-0.06,23,64847,卖盘
2174,11:22:54,28.24,0.05,13,36681,买盘
2175,11:22:57,28.19,-0.05,23,64874,卖盘
2176,11:23:00,28.24,0.05,26,73397,买盘
2177,11:23:03,28.21,-0.03,1,2821,卖盘
2178,11:23:06,28.22,0.01,31,87434,卖盘
2179,11:23:09,28.24,0.02,3,8472,买盘
2180,11:23:12,28.24,0.0,14,39531,买盘
2181,11:23:15,28.22,-0.02,174,491411,卖盘
2182,11:23:18,28.25,0.03,752,2124234,买盘
2183,11:23:21,28.25,0.0,1,2825,卖盘
2184,11:23:24,28.25,0.0,61,172376,卖盘
2185,11:23:27,28.25,0.0,312,881422,卖盘
2186,11:23:30,28.25,0.0,6,16956,卖盘
2187,11:23:33,28.25,0.0,3,8475,卖盘
2188,11:23:36,28.27,0.02,9,25441,买盘
2189,11:23:39,28.27,0.0,13,36751,买盘
2190,11:23:42,28.26,-0.01,2,5653,卖盘
2191,11:23:45,28.26,0.0,178,503194,卖盘
2192,11:23:48,28.26,0.0,12,33912,卖盘
2193,11:23:51,28.27,0.01,26,73502,买盘
2194,11:23:54,28.26,-0.01,9,25439,卖盘
2195,11:24:00,28.26,0.0,37,104552,卖盘
2196,11:24:04,28.26,0.0,9,25432,买盘
2197,11:24:06,28.25,-0.01,5,14125,卖盘
2198,11:24:09,28.24,-0.01,57,160742,卖盘
2199,11:24:12,28.25,0.01,14,39546,买盘
2200,11:24:15,28.24,-0.01,110,310817,卖盘
2201,11:24:21,28.25,0.01,10,28250,卖盘
2202,11:24:24,28.24,-0.01,28,79096,卖盘
2203,11:24:27,28.24,0.0,16,45181,买盘
2204,11:24:30,28.23,-0.01,7,19762,卖盘
2205,11:24:33,28.24,0.01,12,33886,买盘
2206,11:24:36,28.23,-0.01,5,14115,卖盘
2207,11:24:39,28.22,-0.01,118,333094,卖盘
2208,11:24:42,28.22,0.0,523,1476933,买盘
2209,11:24:48,28.24,0.02,2,5648,卖盘
2210,11:24:51,28.26,0.02,24,67831,买盘
2211,11:24:54,28.24,-0.02,198,559207,卖盘
2212,11:24:57,28.22,-0.02,6,16932,卖盘
2213,11:25:04,28.23,0.01,2,5645,中性盘
2214,11:25:06,28.22,-0.01,9,25398,卖盘
2215,11:25:09,28.22,0.0,6,16935,卖盘
2216,11:25:12,28.22,0.0,12,33864,卖盘
2217,11:25:15,28.22,0.0,158,446203,卖盘
2218,11:25:21,28.22,0.0,8,22586,卖盘
2219,11:25:24,28.25,0.03,24,67790,买盘
2220,11:25:33,28.24,-0.01,5,14120,卖盘
2221,11:25:36,28.25,0.01,28,79100,买盘
2222,11:25:39,28.24,-0.01,7,19768,卖盘
2223,11:25:42,28.25,0.01,1,2825,买盘
2224,11:25:45,28.24,-0.01,209,590328,卖盘
2225,11:25:48,28.22,-0.02,40,112886,卖盘
2226,11:25:51,28.14,-0.08,2197,6190691,卖盘
2227,11:25:54,28.24,0.1,5,14120,买盘
2228,11:25:57,28.22,-0.02,5,14110,卖盘
2229,11:26:00,28.22,0.0,31,87482,买盘
2230,11:26:04,28.16,-0.06,5,14083,卖盘
2231,11:26:06,28.22,0.06,51,143793,买盘
2232,11:26:09,28.18,-0.04,38,107224,中性盘
2233,11:26:12,28.22,0.04,50,141100,买盘
2234,11:26:15,28.2,-0.02,229,646220,中性盘
2235,11:26:18,28.21,0.01,14,39498,中性盘
2236,11:26:21,28.21,0.0,11,31027,买盘
2237,11:26:24,28.19,-0.02,1453,4106358,卖盘
2238,11:26:27,28.19,0.0,8,22556,卖盘
2239,11:26:30,28.19,0.0,7,19739,卖盘
2240,11:26:33,28.28,0.09,15,42338,买盘
2241,11:26:36,28.22,-0.06,12,33864,卖盘
2242,11:26:39,28.2,-0.02,53,149513,卖盘
2243,11:26:42,28.29,0.09,3390,9568463,买盘
2244,11:26:45,28.2,-0.09,113,319524,卖盘
2245,11:26:48,28.21,0.01,31,87450,中性盘
2246,11:26:51,28.29,0.08,29,81877,买盘
2247,11:26:54,28.2,-0.09,168,473804,卖盘
2248,11:26:57,28.21,0.01,73,205979,中性盘
2249,11:27:00,28.2,-0.01,187,527607,卖盘
2250,11:27:04,28.21,0.01,199,561381,买盘
2251,11:27:06,28.2,-0.01,25,70508,卖盘
2252,11:27:09,28.28,0.08,72,203098,买盘
2253,11:27:12,28.2,-0.08,12,33840,卖盘
2254,11:27:15,28.27,0.07,721,2032441,买盘
2255,11:27:18,28.22,-0.05,22,62089,卖盘
2256,11:27:21,28.27,0.05,31,87632,买盘
2257,11:27:24,28.26,-0.01,15,42401,中性盘
2258,11:27:27,28.22,-0.04,1,2822,卖盘
2259,11:27:36,28.23,0.01,16,45168,卖盘
2260,11:27:39,28.23,0.0,10,28230,卖盘
2261,11:27:42,28.25,0.02,23,64965,买盘
2262,11:27:45,28.25,0.0,142,401123,买盘
2263,11:27:54,28.25,0.0,223,629966,买盘
2264,11:27:57,28.25,0.0,8,22600,卖盘
2265,11:28:00,28.25,0.0,1124,3177905,卖盘
2266,11:28:04,28.25,0.0,28,79101,卖盘
2267,11:28:09,28.25,0.0,69,194837,买盘
2268,11:28:12,28.24,-0.01,3,8472,中性盘
2269,11:28:15,28.24,0.0,136,384193,卖盘
2270,11:28:18,28.24,0.0,5,14120,卖盘
2271,11:28:21,28.23,-0.01,21,59283,卖盘
2272,11:28:24,28.24,0.01,40,112960,买盘
2273,11:28:27,28.24,0.0,11,31064,买盘
2274,11:28:30,28.25,0.01,328,926209,买盘
2275,11:28:33,28.23,-0.02,16,45168,买盘
2276,11:28:36,28.22,-0.01,105,296310,卖盘
2277,11:28:42,28.22,0.0,47,132619,买盘
2278,11:28:45,28.22,0.0,148,417656,买盘
2279,11:28:48,28.22,0.0,221,623498,买盘
2280,11:28:51,28.2,-0.02,118,332760,卖盘
2281,11:28:54,28.19,-0.01,96,270719,卖盘
2282,11:28:57,28.19,0.0,1,2819,卖盘
2283,11:29:04,28.17,-0.02,239,673322,卖盘
2284,11:29:06,28.17,0.0,112,315507,买盘
2285,11:29:09,28.2,0.03,141,397620,买盘
2286,11:29:12,28.17,-0.03,23,64791,卖盘
2287,11:29:15,28.2,0.03,110,310200,买盘
2288,11:29:18,28.2,0.0,35,98688,买盘
2289,11:29:21,28.2,0.0,11,31020,买盘
2290,11:29:24,28.2,0.0,38,106939,买盘
2291,11:29:27,28.2,0.0,8,22553,买盘
2292,11:29:30,28.18,-0.02,9,25375,卖盘
2293,11:29:33,28.18,0.0,75,211443,卖盘
2294,11:29:36,28.19,0.01,12,33827,中性盘
2295,11:29:39,28.2,0.01,42,118440,买盘
2296,11:29:42,28.19,-0.01,40,112760,卖盘
2297,11:29:45,28.21,0.02,116,327135,买盘
2298,11:29:48,28.21,0.0,5,14105,卖盘
2299,11:29:51,28.19,-0.02,20,56400,卖盘
2300,11:29:54,28.19,0.0,44,124046,卖盘
2301,11:29:57,28.21,0.02,8,22568,买盘
2302,11:30:00,28.19,-0.02,30,84614,卖盘
2303,13:00:00,28.22,0.03,70,197416,买盘
2304,13:00:04,28.19,-0.03,1466,4133507,卖盘
2305,13:00:06,28.18,-0.01,35,98642,中性盘
2306,13:00:09,28.18,0.0,30,84540,买盘
2307,13:00:12,28.18,0.0,25,70446,买盘
2308,13:00:15,28.18,0.0,134,377606,买盘
2309,13:00:18,28.17,-0.01,48,135248,卖盘
2310,13:00:21,28.19,0.02,81,228310,买盘
2311,13:00:24,28.17,-0.02,84,235614,卖盘
2312,13:00:27,28.17,0.0,21,59182,买盘
2313,13:00:30,28.17,0.0,5,14089,卖盘
2314,13:00:33,28.19,0.02,45,126851,买盘
2315,13:00:36,28.17,-0.02,135,380295,卖盘
2316,13:00:39,28.17,0.0,312,879105,卖盘
2317,13:00:42,28.17,0.0,3,8451,卖盘
2318,13:00:45,28.19,0.02,150,422820,买盘
2319,13:00:48,28.18,-0.01,4,11272,卖盘
2320,13:00:51,28.19,0.01,331,933117,买盘
2321,13:00:54,28.19,0.0,146,411617,卖盘
2322,13:00:57,28.18,-0.01,250,704697,卖盘
2323,13:01:00,28.2,0.02,101,285392,买盘
2324,13:01:04,28.21,0.01,171,482394,买盘
2325,13:01:06,28.21,0.0,32,90273,卖盘
2326,13:01:09,28.21,0.0,23,64883,卖盘
2327,13:01:12,28.21,0.0,85,239754,卖盘
2328,13:01:15,28.21,0.0,19,53610,买盘
2329,13:01:18,28.21,0.0,70,197470,卖盘
2330,13:01:21,28.21,0.0,4,11284,卖盘
2331,13:01:24,28.21,0.0,23,64886,卖盘
2332,13:01:27,28.2,-0.01,15,42309,卖盘
2333,13:01:30,28.2,0.0,14,39480,卖盘
2334,13:01:33,28.2,0.0,164,461921,卖盘
2335,13:01:39,28.19,-0.01,87,245253,卖盘
2336,13:01:42,28.18,-0.01,18,50724,卖盘
2337,13:01:45,28.2,0.02,20,56400,买盘
2338,13:01:48,28.2,0.0,90,254355,买盘
2339,13:01:51,28.2,0.0,577,1627140,卖盘
2340,13:01:54,28.2,0.0,81,228420,卖盘
2341,13:01:57,28.21,0.01,62,174902,买盘
2342,13:02:00,28.21,0.0,137,386519,买盘
2343,13:02:04,28.21,0.0,8,22568,买盘
2344,13:02:06,28.2,-0.01,108,304576,卖盘
2345,13:02:09,28.23,0.03,59,166483,买盘
2346,13:02:12,28.21,-0.02,4,11286,买盘
2347,13:02:15,28.23,0.02,10,28230,买盘
2348,13:02:18,28.23,0.0,5,14111,买盘
2349,13:02:21,28.21,-0.02,25,70531,卖盘
2350,13:02:24,28.22,0.01,12,33864,卖盘
2351,13:02:27,28.23,0.01,10,28230,买盘
2352,13:02:30,28.22,-0.01,33,93127,卖盘
2353,13:02:33,28.22,0.0,68,191896,买盘
2354,13:02:36,28.22,0.0,90,254564,卖盘
2355,13:02:39,28.22,0.0,50,141111,卖盘
2356,13:02:42,28.22,0.0,13,36693,卖盘
2357,13:02:45,28.24,0.02,2,5648,买盘
2358,13:02:48,28.24,0.0,13,36711,买盘
2359,13:02:51,28.22,-0.02,19,53634,卖盘
2360,13:02:57,28.25,0.03,30,84748,买盘
2361,13:03:00,28.25,0.0,1,2825,买盘
2362,13:03:04,28.25,0.0,33,93201,买盘
2363,13:03:06,28.23,-0.02,90,254115,卖盘
2364,13:03:12,28.22,-0.01,17,47974,卖盘
2365,13:03:15,28.23,0.01,12,33876,买盘
2366,13:03:18,28.23,0.0,24,67741,买盘
2367,13:03:21,28.23,0.0,7,19760,买盘
2368,13:03:24,28.23,0.0,6,16938,买盘
2369,13:03:27,28.23,0.0,78,220203,买盘
2370,13:03:30,28.23,0.0,4,11292,买盘
2371,13:03:33,28.23,0.0,58,163732,买盘
2372,13:03:36,28.23,0.0,115,324703,买盘
2373,13:03:39,28.23,0.0,14,39524,卖盘
2374,13:03:42,28.25,0.02,79,223035,买盘
2375,13:03:45,28.23,-0.02,3,8469,卖盘
2376,13:03:48,28.24,0.01,9,25416,买盘
2377,13:03:51,28.23,-0.01,17,47992,卖盘
2378,13:03:57,28.24,0.01,18,50824,买盘
2379,13:04:00,28.23,-0.01,16,45169,卖盘
2380,13:04:04,28.23,0.0,76,214548,卖盘
2381,13:04:06,28.23,0.0,146,412169,买盘
2382,13:04:09,28.24,0.01,1,2824,买盘
2383,13:04:12,28.23,-0.01,13,36699,卖盘
2384,13:04:15,28.23,0.0,5,14115,卖盘
2385,13:04:18,28.24,0.01,10,28240,买盘
2386,13:04:21,28.23,-0.01,4,11292,卖盘
2387,13:04:24,28.24,0.01,123,347348,买盘
2388,13:04:27,28.24,0.0,51,144021,买盘
2389,13:04:30,28.24,0.0,4,11297,卖盘
2390,13:04:33,28.25,0.01,46,129923,买盘
2391,13:04:36,28.24,-0.01,4,11296,买盘
2392,13:04:39,28.23,-0.01,27,76245,卖盘
2393,13:04:42,28.24,0.01,62,175088,买盘
2394,13:04:45,28.25,0.01,9,25425,买盘
2395,13:04:48,28.25,0.0,27,76260,买盘
2396,13:04:51,28.24,-0.01,8,22592,卖盘
2397,13:04:54,28.24,0.0,10,28246,卖盘
2398,13:04:57,28.24,0.0,34,96026,卖盘
2399,13:05:00,28.24,0.0,4,11297,卖盘
2400,13:05:04,28.24,0.0,6,16949,卖盘
2401,13:05:06,28.24,0.0,48,135552,卖盘
2402,13:05:09,28.24,0.0,33,93165,买盘
2403,13:05:12,28.25,0.01,194,547982,买盘
2404,13:05:15,28.26,0.01,227,641344,买盘
2405,13:05:18,28.26,0.0,107,302180,买盘
2406,13:05:21,28.24,-0.02,4,11302,卖盘
2407,13:05:24,28.24,0.0,1,2824,卖盘
2408,13:05:27,28.23,-0.01,198,559061,卖盘
2409,13:05:30,28.24,0.01,84,237143,买盘
2410,13:05:33,28.23,-0.01,6,16943,卖盘
2411,13:05:36,28.24,0.01,10,28240,买盘
2412,13:05:39,28.25,0.01,124,350294,买盘
2413,13:05:45,28.25,0.0,9,25425,买盘
2414,13:05:48,28.25,0.0,11,31073,买盘
2415,13:05:54,28.24,-0.01,14,39549,卖盘
2416,13:05:57,28.25,0.01,20,56499,买盘
2417,13:06:00,28.24,-0.01,3,8473,卖盘
2418,13:06:04,28.22,-0.02,307,866516,卖盘
2419,13:06:06,28.25,0.03,41,115825,买盘
2420,13:06:09,28.26,0.01,22,62150,买盘
2421,13:06:12,28.23,-0.03,4,11292,卖盘
2422,13:06:18,28.24,0.01,20,56469,买盘
2423,13:06:21,28.23,-0.01,5,14116,卖盘
2424,13:06:24,28.24,0.01,4,11295,买盘
2425,13:06:27,28.25,0.01,14,39538,买盘
2426,13:06:30,28.26,0.01,233,657905,买盘
2427,13:06:33,28.22,-0.04,454,1281251,卖盘
2428,13:06:36,28.21,-0.01,32,90272,卖盘
2429,13:06:39,28.21,0.0,3,8463,卖盘
2430,13:06:42,28.22,0.01,55,155210,买盘
2431,13:06:45,28.21,-0.01,49,138276,卖盘
2432,13:06:48,28.22,0.01,27,76193,买盘
2433,13:06:51,28.22,0.0,15,42316,买盘
2434,13:06:54,28.22,0.0,59,166498,买盘
2435,13:06:57,28.25,0.03,439,1238876,买盘
2436,13:07:00,28.21,-0.04,434,1225857,卖盘
2437,13:07:04,28.22,0.01,22,62122,买盘
2438,13:07:06,28.24,0.02,19,53656,买盘
2439,13:07:09,28.24,0.0,40,112989,卖盘
2440,13:07:12,28.26,0.02,55,155428,买盘
2441,13:07:15,28.27,0.01,36,101753,买盘
2442,13:07:18,28.27,0.0,28,79151,买盘
2443,13:07:21,28.27,0.0,199,562573,买盘
2444,13:07:24,28.27,0.0,3,8481,卖盘
2445,13:07:27,28.27,0.0,14,39587,卖盘
2446,13:07:30,28.28,0.01,173,489244,买盘
2447,13:07:33,28.28,0.0,5,14140,买盘
2448,13:07:36,28.3,0.02,2000,5658427,买盘
2449,13:07:39,28.3,0.0,28,79168,买盘
2450,13:07:42,28.31,0.01,835,2363046,买盘
2451,13:07:45,28.31,0.0,36,101923,买盘
2452,13:07:48,28.32,0.01,32,90612,买盘
2453,13:07:51,28.32,0.0,1112,3151281,买盘
2454,13:07:54,28.33,0.01,26,73638,买盘
2455,13:07:57,28.35,0.02,26,73687,买盘
2456,13:08:00,28.34,-0.01,6,17004,买盘
2457,13:08:04,28.34,0.0,25,70855,买盘
2458,13:08:06,28.33,-0.01,228,646232,卖盘
2459,13:08:09,28.35,0.02,167,473431,买盘
2460,13:08:12,28.35,0.0,10,28345,买盘
2461,13:08:15,28.34,-0.01,28,79354,卖盘
2462,13:08:18,28.34,0.0,113,320241,买盘
2463,13:08:21,28.34,0.0,37,104835,买盘
2464,13:08:24,28.34,0.0,34,96350,买盘
2465,13:08:27,28.32,-0.02,17,48162,卖盘
2466,13:08:30,28.33,0.01,1,2833,买盘
2467,13:08:33,28.34,0.01,114,323062,买盘
2468,13:08:36,28.33,-0.01,11,31163,卖盘
2469,13:08:39,28.32,-0.01,1618,4579067,卖盘
2470,13:08:42,28.32,0.0,46,130272,卖盘
2471,13:08:45,28.32,0.0,23,65094,买盘
2472,13:08:48,28.32,0.0,145,410448,买盘
2473,13:08:51,28.3,-0.02,215,608450,卖盘
2474,13:08:54,28.3,0.0,392,1109360,卖盘
2475,13:08:57,28.3,0.0,10,28300,买盘
2476,13:09:00,28.3,0.0,1,2830,买盘
2477,13:09:04,28.32,0.02,256,724589,买盘
2478,13:09:06,28.27,-0.05,3,8481,买盘
2479,13:09:09,28.27,0.0,12,33924,卖盘
2480,13:09:12,28.27,0.0,61,172730,卖盘
2481,13:09:18,28.33,0.06,38,107628,买盘
2482,13:09:21,28.34,0.01,71,201191,买盘
2483,13:09:24,28.34,0.0,154,436436,买盘
2484,13:09:27,28.33,-0.01,253,716775,卖盘
2485,13:09:30,28.33,0.0,121,342789,买盘
2486,13:09:33,28.33,0.0,43,121817,买盘
2487,13:09:36,28.33,0.0,8,22648,买盘
2488,13:09:39,28.33,0.0,7,19827,买盘
2489,13:09:42,28.33,0.0,20,56660,买盘
2490,13:09:45,28.33,0.0,25,70812,买盘
2491,13:09:48,28.33,0.0,34,96317,买盘
2492,13:09:51,28.33,0.0,3,8491,买盘
2493,13:09:54,28.33,0.0,5,14165,买盘
2494,13:09:57,28.33,0.0,24,67992,买盘
2495,13:10:04,28.33,0.0,22,62311,买盘
2496,13:10:06,28.32,-0.01,10,28320,中性盘
2497,13:10:09,28.32,0.0,66,186912,买盘
2498,13:10:12,28.32,0.0,153,433445,卖盘
2499,13:10:15,28.33,0.01,52,147320,买盘
2500,13:10:18,28.34,0.01,68,192709,买盘
2501,13:10:21,28.34,0.0,41,116194,买盘
2502,13:10:24,28.34,0.0,16,45344,买盘
2503,13:10:27,28.33,-0.01,180,510289,卖盘
2504,13:10:30,28.34,0.01,1,2834,买盘
2505,13:10:33,28.35,0.01,22,62369,买盘
2506,13:10:36,28.34,-0.01,156,442292,卖盘
2507,13:10:39,28.34,0.0,23,65182,买盘
2508,13:10:42,28.35,0.01,19,53861,买盘
2509,13:10:45,28.34,-0.01,83,235222,卖盘
2510,13:10:48,28.36,0.02,22,62373,买盘
2511,13:10:51,28.36,0.0,12,34026,买盘
2512,13:10:54,28.35,-0.01,2,5670,卖盘
2513,13:10:57,28.36,0.01,34,96424,买盘
2514,13:11:00,28.36,0.0,210,596694,买盘
2515,13:11:04,28.36,0.0,209,592921,卖盘
2516,13:11:06,28.36,0.0,6,17016,中性盘
2517,13:11:09,28.36,0.0,33,93586,买盘
2518,13:11:12,28.36,0.0,11,31195,买盘
2519,13:11:18,28.36,0.0,202,571538,买盘
2520,13:11:21,28.35,-0.01,14,39703,中性盘
2521,13:11:24,28.36,0.01,16,45361,买盘
2522,13:11:27,28.34,-0.02,16,45359,卖盘
2523,13:11:30,28.36,0.02,9,25520,买盘
2524,13:11:33,28.36,0.0,280,795214,买盘
2525,13:11:36,28.36,0.0,67,188892,卖盘
2526,13:11:39,28.36,0.0,123,348948,卖盘
2527,13:11:42,28.36,0.0,15,42546,卖盘
2528,13:11:45,28.36,0.0,11,31183,买盘
2529,13:11:48,28.34,-0.02,1,2834,卖盘
2530,13:11:51,28.34,0.0,9,25522,卖盘
2531,13:11:54,28.34,0.0,2,5668,卖盘
2532,13:11:57,28.34,0.0,46,130427,卖盘
2533,13:12:00,28.36,0.02,52,147469,买盘
2534,13:12:04,28.36,0.0,35,99235,买盘
2535,13:12:06,28.36,0.0,43,121907,买盘
2536,13:12:09,28.36,0.0,143,405548,买盘
2537,13:12:12,28.36,0.0,6,17011,买盘
2538,13:12:15,28.36,0.0,10,28356,买盘
2539,13:12:18,28.36,0.0,269,762628,买盘
2540,13:12:21,28.35,-0.01,37,104915,卖盘
2541,13:12:24,28.35,0.0,39,110590,卖盘
2542,13:12:27,28.35,0.0,45,127588,卖盘
2543,13:12:30,28.35,0.0,7,19849,卖盘
2544,13:12:33,28.35,0.0,86,243818,卖盘
2545,13:12:36,28.34,-0.01,37,104864,卖盘
2546,13:12:39,28.35,0.01,126,357209,买盘
2547,13:12:42,28.35,0.0,2,5670,买盘
2548,13:12:45,28.36,0.01,40,113405,买盘
2549,13:12:48,28.34,-0.02,209,592313,卖盘
2550,13:12:51,28.34,0.0,25,70849,买盘
2551,13:12:57,28.34,0.0,12,34008,买盘
2552,13:13:01,28.35,0.01,294,833218,买盘
2553,13:13:04,28.35,0.0,13,36851,买盘
2554,13:13:07,28.34,-0.01,6,17004,卖盘
2555,13:13:09,28.35,0.01,124,351540,买盘
2556,13:13:12,28.34,-0.01,2,5668,卖盘
2557,13:13:15,28.35,0.01,29,82209,买盘
2558,13:13:18,28.35,0.0,9,25507,买盘
2559,13:13:21,28.35,0.0,28,79380,买盘
2560,13:13:27,28.35,0.0,18,51030,买盘
2561,13:13:30,28.34,-0.01,4,11336,卖盘
2562,13:13:33,28.35,0.01,12,34013,买盘
2563,13:13:39,28.36,0.01,271,768400,买盘
2564,13:13:45,28.35,-0.01,8,22680,买盘
2565,13:13:48,28.35,0.0,44,124780,卖盘
2566,13:13:51,28.35,0.0,15,42533,买盘
2567,13:13:54,28.35,0.0,32,90720,卖盘
2568,13:13:57,28.35,0.0,10,28350,买盘
2569,13:14:00,28.35,0.0,71,201285,买盘
2570,13:14:04,28.34,-0.01,15,42516,卖盘
2571,13:14:06,28.34,0.0,55,155895,卖盘
2572,13:14:09,28.35,0.01,141,399716,买盘
2573,13:14:12,28.34,-0.01,1,2834,买盘
2574,13:14:18,28.34,0.0,19,53835,买盘
2575,13:14:21,28.34,0.0,11,31174,买盘
2576,13:14:24,28.33,-0.01,5,14169,卖盘
2577,13:14:27,28.33,0.0,10,28339,卖盘
2578,13:14:30,28.33,0.0,85,240810,卖盘
2579,13:14:33,28.33,0.0,28,79329,卖盘
2580,13:14:36,28.32,-0.01,56,158636,卖盘
2581,13:14:39,28.34,0.02,121,342868,买盘
2582,13:14:42,28.33,-0.01,228,645741,中性盘
2583,13:14:48,28.32,-0.01,2,5663,买盘
2584,13:14:51,28.3,-0.02,17,48133,卖盘
2585,13:14:54,28.32,0.02,6,16991,买盘
2586,13:14:57,28.31,-0.01,334,945557,卖盘
2587,13:15:00,28.31,0.0,4,11322,买盘
2588,13:15:04,28.3,-0.01,84,237730,卖盘
2589,13:15:06,28.31,0.01,21,59424,买盘
2590,13:15:09,28.31,0.0,121,342462,买盘
2591,13:15:12,28.3,-0.01,10,28290,中性盘
2592,13:15:15,28.31,0.01,40,113230,买盘
2593,13:15:18,28.3,-0.01,8,22640,买盘
2594,13:15:21,28.31,0.01,244,690709,买盘
2595,13:15:24,28.33,0.02,57,161414,买盘
2596,13:15:27,28.33,0.0,30,84918,买盘
2597,13:15:33,28.3,-0.03,7,19810,买盘
2598,13:15:36,28.3,0.0,31,87730,买盘
2599,13:15:39,28.34,0.04,128,362686,买盘
2600,13:15:42,28.34,0.0,21,59486,买盘
2601,13:15:45,28.33,-0.01,5,14165,卖盘
2602,13:15:51,28.34,0.01,51,144524,买盘
2603,13:15:54,28.29,-0.05,10,28302,卖盘
2604,13:15:57,28.34,0.05,13,36811,买盘
2605,13:16:04,28.33,-0.01,15,42501,卖盘
2606,13:16:06,28.33,0.0,29,82156,卖盘
2607,13:16:09,28.34,0.01,121,342884,买盘
2608,13:16:12,28.34,0.0,22,62348,买盘
2609,13:16:15,28.29,-0.05,6,16974,卖盘
2610,13:16:18,28.29,0.0,53,149937,买盘
2611,13:16:21,28.34,0.05,30,85014,买盘
2612,13:16:24,28.33,-0.01,7,19831,卖盘
2613,13:16:27,28.29,-0.04,14,39657,卖盘
2614,13:16:30,28.33,0.04,3,8499,中性盘
2615,13:16:33,28.29,-0.04,17,48140,卖盘
2616,13:16:36,28.29,0.0,3,8487,卖盘
2617,13:16:39,28.29,0.0,8,22632,卖盘
2618,13:16:42,28.33,0.04,122,345671,买盘
2619,13:16:45,28.29,-0.04,12,33948,卖盘
2620,13:16:48,28.29,0.0,14,39606,卖盘
2621,13:16:51,28.33,0.04,15,42479,买盘
2622,13:16:54,28.32,-0.01,56,158608,中性盘
2623,13:16:57,28.33,0.01,42,118861,买盘
2624,13:17:00,28.28,-0.05,11,31112,卖盘
2625,13:17:04,28.3,0.02,22,62249,卖盘
2626,13:17:06,28.29,-0.01,6,16979,中性盘
2627,13:17:09,28.29,0.0,3,8487,卖盘
2628,13:17:12,28.29,0.0,125,353745,卖盘
2629,13:17:15,28.28,-0.01,19,53745,卖盘
2630,13:17:18,28.29,0.01,1,2829,中性盘
2631,13:17:21,28.3,0.01,8,22639,买盘
2632,13:17:27,28.29,-0.01,16,45276,卖盘
2633,13:17:30,28.3,0.01,13,36784,买盘
2634,13:17:33,28.28,-0.02,6,16978,卖盘
2635,13:17:36,28.28,0.0,1,2828,卖盘
2636,13:17:39,28.28,0.0,30,84859,卖盘
2637,13:17:42,28.28,0.0,134,379194,卖盘
2638,13:17:45,28.28,0.0,22,62216,卖盘
2639,13:17:48,28.28,0.0,10,28282,卖盘
2640,13:17:51,28.3,0.02,40,113189,买盘
2641,13:17:54,28.3,0.0,175,495243,买盘
2642,13:17:57,28.3,0.0,68,192420,买盘
2643,13:18:00,28.3,0.0,35,99050,买盘
2644,13:18:04,28.3,0.0,48,135887,卖盘
2645,13:18:06,28.32,0.02,34,96278,买盘
2646,13:18:09,28.29,-0.03,36,101877,卖盘
2647,13:18:12,28.29,0.0,125,353745,卖盘
2648,13:18:15,28.28,-0.01,19,53753,卖盘
2649,13:18:18,28.28,0.0,9,25459,卖盘
2650,13:18:21,28.28,0.0,1,2828,卖盘
2651,13:18:24,28.28,0.0,9,25459,卖盘
2652,13:18:27,28.28,0.0,53,149904,卖盘
2653,13:18:30,28.27,-0.01,5,14135,卖盘
2654,13:18:33,28.28,0.01,8,22623,买盘
2655,13:18:36,28.27,-0.01,61,172447,卖盘
2656,13:18:39,28.25,-0.02,23,64997,卖盘
2657,13:18:42,28.25,0.0,135,381752,卖盘
2658,13:18:45,28.28,0.03,78,220516,买盘
2659,13:18:48,28.28,0.0,95,268660,卖盘
2660,13:18:51,28.28,0.0,9,25452,卖盘
2661,13:18:54,28.27,-0.01,201,568426,卖盘
2662,13:18:57,28.27,0.0,37,104561,买盘
2663,13:19:00,28.27,0.0,15,42397,买盘
2664,13:19:04,28.26,-0.01,41,115871,卖盘
2665,13:19:06,28.25,-0.01,4,11300,卖盘
2666,13:19:09,28.25,0.0,13,36737,卖盘
2667,13:19:12,28.25,0.0,125,353357,卖盘
2668,13:19:15,28.25,0.0,24,67809,卖盘
2669,13:19:18,28.26,0.01,26,73460,买盘
2670,13:19:21,28.25,-0.01,206,581952,卖盘
2671,13:19:24,28.26,0.01,38,107371,买盘
2672,13:19:27,28.27,0.01,15,42392,买盘
2673,13:19:30,28.26,-0.01,16,45204,买盘
2674,13:19:33,28.25,-0.01,9,25434,卖盘
2675,13:19:36,28.27,0.02,257,726389,买盘
