,time,price,change,vol,amount,type
0,09:25:04,3.49,-0.01,1106,385994,卖盘
1,09:30:00,3.49,0.0,98,34202,买盘
2,09:30:04,3.49,0.0,1219,425001,买盘
3,09:30:06,3.49,0.0,947,330442,买盘
4,09:30:09,3.48,-0.01,218,75966,卖盘
5,09:30:12,3.49,0.01,13,4537,买盘
6,09:30:15,3.49,0.0,230,80270,买盘
7,09:30:18,3.49,0.0,38,13256,买盘
8,09:30:21,3.49,0.0,75,26166,买盘
9,09:30:24,3.49,0.0,273,95135,卖盘
10,09:30:27,3.49,0.0,10,3490,卖盘
11,09:30:30,3.49,0.0,11,3839,卖盘
12,09:30:33,3.49,0.0,16,5577,买盘
13,09:30:36,3.49,0.0,1,349,买盘
14,09:30:39,3.48,-0.01,31,10788,卖盘
15,09:30:42,3.48,0.0,19,6612,卖盘
16,09:30:45,3.48,0.0,64,22272,卖盘
17,09:30:51,3.49,0.01,6,2094,买盘
18,09:30:54,3.49,0.0,4,1396,买盘
19,09:30:57,3.48,-0.01,500,174000,卖盘
20,09:31:00,3.49,0.01,1,349,买盘
21,09:31:04,3.49,0.0,130,45370,买盘
22,09:31:06,3.49,0.0,43,15007,卖盘
23,09:31:09,3.49,0.0,25,8725,买盘
24,09:31:12,3.49,0.0,87,30363,买盘
25,09:31:15,3.49,0.0,209,72956,买盘
26,09:31:19,3.49,0.0,28,9772,买盘
27,09:31:21,3.5,0.01,81,28301,买盘
28,09:31:24,3.5,0.0,41,14349,买盘
29,09:31:27,3.5,0.0,28,9797,买盘
30,09:31:30,3.5,0.0,50,17495,买盘
31,09:31:33,3.49,-0.01,192,67019,卖盘
32,09:31:36,3.49,0.0,96,33507,买盘
33,09:31:39,3.5,0.01,20,6997,买盘
34,09:31:42,3.5,0.0,8,2797,买盘
35,09:31:45,3.49,-0.01,23,8027,卖盘
36,09:31:48,3.49,0.0,55,19195,卖盘
37,09:31:51,3.49,0.0,63,21987,买盘
38,09:31:54,3.5,0.01,3,1049,买盘
39,09:31:57,3.49,-0.01,133,46428,卖盘
40,09:32:00,3.49,0.0,221,77129,卖盘
41,09:32:04,3.49,0.0,279,97370,买盘
42,09:32:06,3.49,0.0,23,8027,卖盘
43,09:32:09,3.49,0.0,5,1744,买盘
44,09:32:12,3.49,0.0,19,6631,买盘
45,09:32:15,3.49,0.0,3,1047,卖盘
46,09:32:18,3.5,0.01,8,2800,买盘
47,09:32:24,3.49,-0.01,4,1396,卖盘
48,09:32:27,3.5,0.01,210,73500,买盘
49,09:32:30,3.49,-0.01,3,1047,卖盘
50,09:32:39,3.49,0.0,226,78874,卖盘
51,09:32:45,3.5,0.01,5,1750,买盘
52,09:32:48,3.5,0.0,18,6300,买盘
53,09:32:51,3.5,0.0,15,5250,买盘
54,09:32:57,3.5,0.0,62,21700,买盘
55,09:33:04,3.49,-0.01,16,5595,卖盘
56,09:33:06,3.5,0.01,3,1050,买盘
57,09:33:09,3.49,-0.01,9,3145,卖盘
58,09:33:12,3.49,0.0,2,698,卖盘
59,09:33:21,3.49,0.0,38,13262,卖盘
60,09:33:24,3.5,0.01,23,8049,买盘
61,09:33:27,3.49,-0.01,75,26175,卖盘
62,09:33:30,3.5,0.01,33,11546,买盘
63,09:33:33,3.49,-0.01,2,698,卖盘
64,09:33:36,3.49,0.0,48,16755,卖盘
65,09:33:39,3.49,0.0,104,36296,卖盘
66,09:33:48,3.49,0.0,2,698,卖盘
67,09:33:51,3.5,0.01,3,1050,买盘
68,09:33:54,3.5,0.0,14,4900,买盘
69,09:33:57,3.49,-0.01,2,698,卖盘
70,09:34:06,3.5,0.01,6,2100,买盘
71,09:34:09,3.5,0.0,6,2100,买盘
72,09:34:12,3.5,0.0,4,1400,买盘
73,09:34:15,3.5,0.0,303,106047,买盘
74,09:34:18,3.5,0.0,103,35957,买盘
75,09:34:21,3.5,0.0,39,13630,买盘
76,09:34:24,3.5,0.0,4,1397,买盘
77,09:34:27,3.5,0.0,11,3850,买盘
78,09:34:30,3.5,0.0,5,1750,买盘
79,09:34:33,3.5,0.0,3,1050,买盘
80,09:34:36,3.5,0.0,123,43050,买盘
81,09:34:39,3.5,0.0,131,45848,买盘
82,09:34:42,3.5,0.0,5,1750,买盘
83,09:34:45,3.5,0.0,154,53891,买盘
84,09:34:48,3.5,0.0,16,5600,买盘
85,09:34:51,3.5,0.0,11,3850,买盘
86,09:34:54,3.5,0.0,31,10849,买盘
87,09:34:57,3.5,0.0,2,700,买盘
88,09:35:04,3.49,-0.01,5,1745,卖盘
89,09:35:06,3.5,0.01,255,89250,买盘
90,09:35:09,3.5,0.0,1,350,买盘
91,09:35:12,3.5,0.0,11,3850,买盘
92,09:35:15,3.5,0.0,5,1750,买盘
93,09:35:21,3.5,0.0,100,35000,买盘
94,09:35:24,3.5,0.0,4,1400,买盘
95,09:35:33,3.5,0.0,13,4547,买盘
96,09:35:36,3.49,-0.01,1,349,卖盘
97,09:35:39,3.5,0.01,50,17500,买盘
98,09:35:45,3.49,-0.01,3,1047,卖盘
99,09:35:48,3.49,0.0,4,1396,卖盘
100,09:35:51,3.49,0.0,100,34900,卖盘
101,09:35:57,3.49,0.0,17,5946,卖盘
102,09:36:00,3.49,0.0,37,12913,卖盘
103,09:36:06,3.49,0.0,31,10819,卖盘
104,09:36:09,3.5,0.01,285,99750,买盘
105,09:36:15,3.5,0.0,38,13300,买盘
106,09:36:18,3.5,0.0,94,32900,买盘
107,09:36:21,3.49,-0.01,20,6980,卖盘
108,09:36:24,3.49,0.0,10,3490,卖盘
109,09:36:27,3.5,0.01,5,1750,买盘
110,09:36:30,3.5,0.0,3,1050,买盘
111,09:36:33,3.5,0.0,60,20993,买盘
112,09:36:36,3.5,0.0,4,1400,买盘
113,09:36:39,3.5,0.0,17,5949,买盘
114,09:36:42,3.5,0.0,20,7000,买盘
115,09:36:45,3.5,0.0,18,6298,买盘
116,09:37:00,3.49,-0.01,20,6980,卖盘
117,09:37:04,3.5,0.01,9,3150,买盘
118,09:37:06,3.5,0.0,16,5596,买盘
119,09:37:09,3.5,0.0,42,14697,买盘
120,09:37:12,3.49,-0.01,22,7678,卖盘
121,09:37:18,3.49,0.0,100,34900,卖盘
122,09:37:21,3.49,0.0,410,143100,卖盘
123,09:37:24,3.49,0.0,125,43625,卖盘
124,09:37:27,3.49,0.0,134,46766,卖盘
125,09:37:30,3.49,0.0,154,53746,卖盘
126,09:37:33,3.49,0.0,2,698,卖盘
127,09:37:36,3.49,0.0,117,40833,卖盘
128,09:37:39,3.49,0.0,1,349,卖盘
129,09:37:42,3.49,0.0,1,349,卖盘
130,09:37:48,3.49,0.0,1,349,卖盘
131,09:37:54,3.49,0.0,116,40484,卖盘
132,09:37:57,3.49,0.0,3,1047,卖盘
133,09:38:00,3.5,0.01,46,16060,买盘
134,09:38:04,3.49,-0.01,30,10470,卖盘
135,09:38:06,3.49,0.0,11,3839,卖盘
136,09:38:15,3.5,0.01,18,6295,买盘
137,09:38:21,3.5,0.0,266,92849,买盘
138,09:38:24,3.49,-0.01,32,11198,卖盘
139,09:38:27,3.5,0.01,148,51653,买盘
140,09:38:30,3.5,0.0,80,27950,买盘
141,09:38:33,3.49,-0.01,31,10819,卖盘
142,09:38:36,3.49,0.0,11,3839,卖盘
143,09:38:39,3.5,0.01,4,1400,买盘
144,09:38:45,3.49,-0.01,20,6980,卖盘
145,09:38:51,3.49,0.0,225,78525,卖盘
146,09:38:54,3.49,0.0,1,349,卖盘
147,09:38:57,3.49,0.0,11,3839,卖盘
148,09:39:06,3.49,0.0,16,5594,卖盘
149,09:39:12,3.5,0.01,24,8400,买盘
150,09:39:15,3.49,-0.01,9,3141,卖盘
151,09:39:18,3.5,0.01,16,5599,买盘
152,09:39:21,3.49,-0.01,1147,400303,卖盘
153,09:39:24,3.49,0.0,9,3141,卖盘
154,09:39:30,3.49,0.0,1,349,卖盘
155,09:39:33,3.49,0.0,59,20591,卖盘
156,09:39:36,3.49,0.0,20,6980,卖盘
157,09:39:39,3.49,0.0,24,8376,卖盘
158,09:39:42,3.49,0.0,36,12548,买盘
159,09:39:45,3.49,0.0,41,14309,买盘
160,09:39:51,3.48,-0.01,28,9744,卖盘
161,09:39:54,3.48,0.0,1,348,卖盘
162,09:39:57,3.49,0.01,11,3839,买盘
163,09:40:04,3.48,-0.01,1,348,卖盘
164,09:40:09,3.49,0.01,30,10448,买盘
165,09:40:12,3.49,0.0,666,232429,买盘
166,09:40:15,3.49,0.0,2,698,买盘
167,09:40:18,3.49,0.0,101,35249,买盘
168,09:40:21,3.49,0.0,1,349,买盘
169,09:40:25,3.48,-0.01,1,348,卖盘
170,09:40:27,3.49,0.01,6,2094,买盘
171,09:40:36,3.48,-0.01,5,1740,卖盘
172,09:40:39,3.48,0.0,22,7656,卖盘
173,09:40:42,3.48,0.0,420,146560,卖盘
174,09:40:45,3.48,0.0,3,1044,卖盘
175,09:40:51,3.49,0.01,288,100512,买盘
176,09:40:57,3.48,-0.01,10,3480,卖盘
177,09:41:03,3.49,0.01,1,349,买盘
178,09:41:09,3.49,0.0,33,11495,买盘
179,09:41:12,3.48,-0.01,5,1740,卖盘
180,09:41:15,3.49,0.01,131,45618,买盘
181,09:41:18,3.49,0.0,15,5235,买盘
182,09:41:24,3.49,0.0,10,3490,买盘
183,09:41:27,3.48,-0.01,49,17052,卖盘
184,09:41:33,3.49,0.01,44,15356,买盘
185,09:41:36,3.48,-0.01,529,184616,卖盘
186,09:41:39,3.48,0.0,8,2784,卖盘
187,09:41:48,3.48,0.0,152,52896,卖盘
188,09:41:51,3.48,0.0,50,17400,卖盘
189,09:41:54,3.48,0.0,21,7308,卖盘
190,09:42:00,3.48,0.0,108,37584,卖盘
191,09:42:04,3.48,0.0,19,6612,卖盘
192,09:42:07,3.48,0.0,3,1044,卖盘
193,09:42:12,3.48,0.0,30,10440,卖盘
194,09:42:15,3.49,0.01,5,1745,买盘
195,09:42:18,3.48,-0.01,1,348,卖盘
196,09:42:21,3.48,0.0,33,11484,卖盘
197,09:42:24,3.49,0.01,9,3141,买盘
198,09:42:36,3.48,-0.01,32,11149,卖盘
199,09:42:39,3.48,0.0,37,12876,卖盘
200,09:42:48,3.49,0.01,1,349,买盘
201,09:42:51,3.48,-0.01,20,6960,卖盘
202,09:42:54,3.48,0.0,30,10440,卖盘
203,09:43:04,3.48,0.0,42,14616,卖盘
204,09:43:06,3.48,0.0,1,348,卖盘
205,09:43:09,3.48,0.0,22,7676,卖盘
206,09:43:12,3.49,0.01,7,2443,买盘
207,09:43:15,3.48,-0.01,30,10440,卖盘
208,09:43:18,3.49,0.01,399,138878,买盘
209,09:43:24,3.48,-0.01,3,1044,卖盘
210,09:43:27,3.49,0.01,213,74163,买盘
211,09:43:30,3.49,0.0,15,5235,买盘
212,09:43:33,3.48,-0.01,80,27840,卖盘
213,09:43:39,3.48,0.0,140,48720,卖盘
214,09:43:42,3.48,0.0,44,15327,卖盘
215,09:43:45,3.48,0.0,200,69600,卖盘
216,09:43:51,3.49,0.01,15,5235,买盘
217,09:43:57,3.49,0.0,5,1745,买盘
218,09:44:04,3.48,-0.01,10,3480,卖盘
219,09:44:06,3.48,0.0,34,11843,卖盘
220,09:44:09,3.48,0.0,2,696,卖盘
221,09:44:12,3.48,0.0,37,12876,卖盘
222,09:44:15,3.48,0.0,2,696,卖盘
223,09:44:18,3.49,0.01,1,349,买盘
224,09:44:21,3.48,-0.01,96,33408,卖盘
225,09:44:24,3.49,0.01,22,7678,买盘
226,09:44:27,3.49,0.0,31,10819,买盘
227,09:44:30,3.49,0.0,85,29665,买盘
228,09:44:33,3.48,-0.01,125,43525,卖盘
229,09:44:36,3.48,0.0,25,8700,卖盘
230,09:44:45,3.48,0.0,1,348,卖盘
231,09:44:48,3.48,0.0,12,4186,卖盘
232,09:44:51,3.48,0.0,67,23327,卖盘
233,09:44:57,3.49,0.01,28,9772,买盘
234,09:45:00,3.48,-0.01,35,12180,卖盘
235,09:45:06,3.49,0.01,21,7309,买盘
236,09:45:09,3.48,-0.01,3,1044,卖盘
237,09:45:12,3.48,0.0,1,348,卖盘
238,09:45:15,3.48,0.0,26,9048,卖盘
239,09:45:18,3.48,0.0,42,14616,卖盘
240,09:45:21,3.49,0.01,30,10470,买盘
241,09:45:30,3.48,-0.01,523,182004,卖盘
242,09:45:33,3.48,0.0,4,1392,卖盘
243,09:45:36,3.48,0.0,2,696,卖盘
244,09:45:39,3.49,0.01,4,1396,买盘
245,09:45:42,3.48,-0.01,3,1044,卖盘
246,09:45:45,3.48,0.0,11,3828,卖盘
247,09:45:54,3.48,0.0,1,348,卖盘
248,09:46:04,3.49,0.01,2,698,买盘
249,09:46:06,3.49,0.0,2,698,买盘
250,09:46:09,3.49,0.0,93,32366,买盘
251,09:46:15,3.48,-0.01,31,10788,卖盘
252,09:46:18,3.48,0.0,11,3828,卖盘
253,09:46:21,3.48,0.0,20,6960,卖盘
254,09:46:30,3.49,0.01,41,14309,买盘
255,09:46:33,3.48,-0.01,10,3480,卖盘
256,09:46:39,3.48,0.0,157,54636,卖盘
257,09:46:45,3.48,0.0,2,696,卖盘
258,09:46:48,3.48,0.0,1,348,卖盘
259,09:46:51,3.49,0.01,39,13611,买盘
260,09:46:54,3.49,0.0,15,5235,买盘
261,09:46:57,3.48,-0.01,371,129119,卖盘
262,09:47:03,3.49,0.01,38,13262,买盘
263,09:47:06,3.49,0.0,199,69451,买盘
264,09:47:09,3.48,-0.01,10,3480,卖盘
265,09:47:16,3.48,0.0,22,7656,卖盘
266,09:47:18,3.48,0.0,3,1044,卖盘
267,09:47:21,3.48,0.0,100,34800,卖盘
268,09:47:24,3.48,0.0,1,348,卖盘
269,09:47:27,3.49,0.01,50,17450,买盘
270,09:47:36,3.49,0.0,16,5584,买盘
271,09:47:45,3.49,0.0,14,4882,买盘
272,09:47:48,3.49,0.0,7,2443,买盘
273,09:47:54,3.48,-0.01,1,348,卖盘
274,09:48:00,3.48,0.0,152,53046,卖盘
275,09:48:04,3.49,0.01,7,2443,买盘
276,09:48:06,3.49,0.0,24,8376,买盘
277,09:48:09,3.49,0.0,3,1047,买盘
278,09:48:12,3.48,-0.01,35,12180,卖盘
279,09:48:18,3.48,0.0,4,1392,卖盘
280,09:48:21,3.48,0.0,690,240792,卖盘
281,09:48:24,3.49,0.01,61,21288,买盘
282,09:48:27,3.48,-0.01,87,30355,卖盘
283,09:48:30,3.48,0.0,29,10092,卖盘
284,09:48:39,3.49,0.01,12,4188,买盘
285,09:48:42,3.48,-0.01,108,37584,卖盘
286,09:48:51,3.48,0.0,21,7308,卖盘
287,09:48:54,3.48,0.0,31,10818,卖盘
288,09:48:57,3.49,0.01,559,195091,买盘
289,09:49:00,3.49,0.0,51,17800,卖盘
290,09:49:04,3.49,0.0,3,1047,卖盘
291,09:49:06,3.5,0.01,32,11188,买盘
292,09:49:09,3.49,-0.01,18,6282,卖盘
293,09:49:15,3.49,0.0,1,349,卖盘
294,09:49:36,3.49,0.0,2,698,卖盘
295,09:49:39,3.49,0.0,2,698,卖盘
296,09:49:45,3.49,0.0,110,38390,卖盘
297,09:49:57,3.49,0.0,38,13262,卖盘
298,09:50:04,3.5,0.01,17,5950,买盘
299,09:50:09,3.5,0.0,21,7349,买盘
300,09:50:12,3.49,-0.01,1,349,卖盘
301,09:50:15,3.49,0.0,36,12564,卖盘
302,09:50:18,3.49,0.0,64,22336,卖盘
303,09:50:21,3.49,0.0,19,6631,卖盘
304,09:50:24,3.5,0.01,26,9088,买盘
305,09:50:27,3.5,0.0,21,7348,买盘
306,09:50:30,3.49,-0.01,3,1047,卖盘
307,09:50:33,3.49,0.0,2,698,卖盘
308,09:50:36,3.49,0.0,3,1047,卖盘
309,09:50:51,3.5,0.01,20,7000,买盘
310,09:50:57,3.49,-0.01,20,6980,卖盘
311,09:51:04,3.49,0.0,4,1399,卖盘
312,09:51:06,3.49,0.0,106,36994,卖盘
313,09:51:12,3.49,0.0,6,2094,卖盘
314,09:51:15,3.5,0.01,31,10849,买盘
315,09:51:18,3.5,0.0,1,350,买盘
316,09:51:21,3.5,0.0,13,4550,买盘
317,09:51:24,3.49,-0.01,98,34202,卖盘
318,09:51:27,3.5,0.01,71,24800,买盘
319,09:51:30,3.5,0.0,3,1050,买盘
320,09:51:33,3.5,0.0,205,71750,买盘
321,09:51:54,3.49,-0.01,237,82713,卖盘
322,09:51:57,3.49,0.0,1,349,卖盘
323,09:52:06,3.49,0.0,1,349,卖盘
324,09:52:15,3.49,0.0,1,349,卖盘
325,09:52:21,3.5,0.01,3,1050,买盘
326,09:52:24,3.49,-0.01,27,9423,卖盘
327,09:52:30,3.49,0.0,140,48860,卖盘
328,09:52:36,3.49,0.0,80,27920,卖盘
329,09:52:39,3.49,0.0,1,349,卖盘
330,09:52:45,3.49,0.0,21,7329,卖盘
331,09:52:48,3.49,0.0,154,53746,卖盘
332,09:52:54,3.49,0.0,51,17799,卖盘
333,09:53:00,3.49,0.0,20,6980,卖盘
334,09:53:12,3.49,0.0,36,12577,卖盘
335,09:53:15,3.49,0.0,1,349,卖盘
336,09:53:24,3.5,0.01,109,38063,买盘
337,09:53:27,3.49,-0.01,32,11168,卖盘
338,09:53:42,3.49,0.0,325,113749,卖盘
339,09:53:45,3.5,0.01,1,350,买盘
340,09:53:48,3.5,0.0,4,1400,买盘
341,09:53:51,3.5,0.0,145,50749,买盘
342,09:53:57,3.5,0.0,4,1400,买盘
343,09:54:06,3.49,-0.01,35,12215,卖盘
344,09:54:09,3.5,0.01,110,38478,买盘
345,09:54:12,3.5,0.0,29,10150,买盘
346,09:54:24,3.5,0.0,7,2450,买盘
347,09:54:42,3.5,0.0,53,18550,买盘
348,09:54:54,3.5,0.0,67,23400,买盘
349,09:54:57,3.5,0.0,42,14700,买盘
350,09:55:09,3.49,-0.01,41,14309,卖盘
351,09:55:12,3.49,0.0,29,10121,卖盘
352,09:55:15,3.49,0.0,16,5584,卖盘
353,09:55:18,3.49,0.0,2,698,卖盘
354,09:55:21,3.49,0.0,2,698,卖盘
355,09:55:30,3.49,0.0,300,104700,卖盘
356,09:55:33,3.49,0.0,25,8725,卖盘
357,09:55:42,3.5,0.01,100,35000,买盘
358,09:55:45,3.49,-0.01,3,1047,卖盘
359,09:55:51,3.49,0.0,1,349,卖盘
360,09:55:54,3.5,0.01,26,9100,买盘
361,09:56:09,3.5,0.0,39,13650,买盘
362,09:56:12,3.49,-0.01,113,39438,卖盘
363,09:56:19,3.5,0.01,69,24150,买盘
364,09:56:33,3.5,0.0,40,13990,买盘
365,09:56:51,3.49,-0.01,14,4886,卖盘
366,09:56:54,3.49,0.0,1,349,卖盘
367,09:57:04,3.49,0.0,30,10470,卖盘
368,09:57:06,3.49,0.0,8,2792,卖盘
369,09:57:24,3.5,0.01,2,700,买盘
370,09:57:27,3.49,-0.01,19,6631,卖盘
371,09:57:33,3.5,0.01,224,78285,买盘
372,09:57:57,3.49,-0.01,22,7678,卖盘
373,09:58:06,3.49,0.0,37,12915,卖盘
374,09:58:12,3.5,0.01,9,3150,买盘
375,09:58:15,3.49,-0.01,100,34900,卖盘
376,09:58:21,3.49,0.0,8,2792,卖盘
377,09:58:30,3.49,0.0,1,349,卖盘
378,09:58:45,3.5,0.01,1,350,买盘
379,09:59:00,3.5,0.0,2,700,买盘
380,09:59:03,3.49,-0.01,200,69800,卖盘
381,09:59:09,3.49,0.0,1574,549326,卖盘
382,09:59:12,3.49,0.0,88,30712,卖盘
383,09:59:15,3.5,0.01,270,94468,买盘
384,09:59:18,3.49,-0.01,2,698,中性盘
385,09:59:21,3.49,0.0,1,349,买盘
386,09:59:24,3.49,0.0,47,16403,中性盘
387,09:59:48,3.48,-0.01,9,3132,卖盘
388,09:59:51,3.49,0.01,60,20940,买盘
389,09:59:57,3.48,-0.01,466,162168,卖盘
390,10:00:00,3.48,0.0,100,34800,卖盘
391,10:00:04,3.49,0.01,16,5584,买盘
392,10:00:07,3.48,-0.01,6,2093,卖盘
393,10:00:18,3.48,0.0,13,4524,卖盘
394,10:00:21,3.49,0.01,35,12215,买盘
395,10:00:27,3.48,-0.01,86,29928,卖盘
396,10:00:45,3.48,0.0,1,348,卖盘
397,10:00:48,3.48,0.0,90,31320,卖盘
398,10:00:51,3.48,0.0,26,9048,卖盘
399,10:01:09,3.48,0.0,79,27492,卖盘
400,10:01:12,3.48,0.0,36,12528,卖盘
401,10:01:15,3.48,0.0,150,52200,卖盘
402,10:01:18,3.48,0.0,2,696,卖盘
403,10:01:21,3.48,0.0,30,10440,卖盘
404,10:01:24,3.49,0.01,22,7676,买盘
405,10:01:48,3.48,-0.01,33,11484,卖盘
406,10:01:51,3.48,0.0,103,35844,卖盘
407,10:01:54,3.48,0.0,131,45588,卖盘
408,10:01:57,3.48,0.0,26,9048,卖盘
409,10:02:00,3.48,0.0,95,33060,卖盘
410,10:02:04,3.48,0.0,322,112057,卖盘
411,10:02:07,3.48,0.0,118,41064,卖盘
412,10:02:09,3.48,0.0,147,51156,卖盘
413,10:02:12,3.48,0.0,12,4176,卖盘
414,10:02:15,3.48,0.0,2,696,卖盘
415,10:02:18,3.48,0.0,1026,357048,卖盘
416,10:02:21,3.48,0.0,66,22968,卖盘
417,10:02:24,3.48,0.0,157,54636,卖盘
418,10:02:27,3.48,0.0,1329,462492,卖盘
419,10:02:30,3.48,0.0,40,13890,买盘
420,10:02:33,3.48,0.0,92,32016,买盘
421,10:02:36,3.48,0.0,1,348,买盘
422,10:02:42,3.48,0.0,3,1044,买盘
423,10:02:45,3.48,0.0,71,24708,买盘
424,10:02:48,3.47,-0.01,12,4166,卖盘
425,10:02:51,3.47,0.0,79,27416,卖盘
426,10:02:57,3.48,0.01,3,1044,买盘
427,10:03:00,3.48,0.0,1,348,买盘
428,10:03:03,3.47,-0.01,29,10071,卖盘
429,10:03:07,3.48,0.01,3,1044,买盘
430,10:03:09,3.47,-0.01,34,11798,卖盘
431,10:03:12,3.48,0.01,3,1044,买盘
432,10:03:15,3.48,0.0,239,82934,买盘
433,10:03:18,3.47,-0.01,640,222082,卖盘
434,10:03:21,3.48,0.01,3,1044,买盘
435,10:03:24,3.47,-0.01,160,55520,卖盘
436,10:03:36,3.48,0.01,78,27073,买盘
437,10:03:39,3.47,-0.01,10,3470,卖盘
438,10:03:42,3.47,0.0,30,10410,卖盘
439,10:03:45,3.47,0.0,21,7287,卖盘
440,10:03:51,3.47,0.0,225,78075,卖盘
441,10:03:57,3.47,0.0,10,3470,卖盘
442,10:04:06,3.47,0.0,10,3470,卖盘
443,10:04:09,3.47,0.0,50,17350,卖盘
444,10:04:12,3.48,0.01,41,14230,买盘
445,10:04:27,3.48,0.0,23,8004,买盘
446,10:04:33,3.47,-0.01,16,5552,卖盘
447,10:04:36,3.47,0.0,5,1735,卖盘
448,10:04:42,3.48,0.01,14,4872,买盘
449,10:04:51,3.48,0.0,4,1392,买盘
450,10:04:54,3.48,0.0,12,4165,买盘
451,10:04:57,3.48,0.0,23,8004,买盘
452,10:05:00,3.48,0.0,5,1740,买盘
453,10:05:04,3.48,0.0,1,348,买盘
454,10:05:06,3.48,0.0,2,696,买盘
455,10:05:09,3.47,-0.01,200,69400,卖盘
456,10:05:12,3.47,0.0,28,9716,卖盘
457,10:05:15,3.48,0.01,1,348,买盘
458,10:05:18,3.47,-0.01,18,6246,卖盘
459,10:05:24,3.47,0.0,12,4164,卖盘
460,10:05:27,3.47,0.0,148,51356,卖盘
461,10:05:33,3.47,0.0,3116,1081252,卖盘
462,10:05:36,3.46,-0.01,8,2768,卖盘
463,10:05:39,3.47,0.01,5,1735,买盘
464,10:05:45,3.47,0.0,260,90120,买盘
465,10:05:51,3.46,-0.01,37,12829,卖盘
466,10:05:54,3.46,0.0,23,7961,卖盘
467,10:06:09,3.46,0.0,4,1384,卖盘
468,10:06:12,3.47,0.01,42,14574,买盘
469,10:06:21,3.46,-0.01,710,245690,卖盘
470,10:06:24,3.46,0.0,715,248100,卖盘
471,10:06:33,3.47,0.01,16,5552,买盘
472,10:06:36,3.46,-0.01,51,17647,卖盘
473,10:06:42,3.46,0.0,32,11072,卖盘
474,10:06:48,3.47,0.01,20,6940,买盘
475,10:06:51,3.47,0.0,510,176960,买盘
476,10:06:54,3.47,0.0,16,5552,买盘
477,10:06:57,3.46,-0.01,213,73698,卖盘
478,10:07:04,3.46,0.0,1,346,卖盘
479,10:07:12,3.47,0.01,20,6940,买盘
480,10:07:18,3.47,0.0,41,14226,买盘
481,10:07:33,3.47,0.0,6,2082,买盘
482,10:07:39,3.46,-0.01,1,346,卖盘
483,10:07:57,3.47,0.01,6,2082,买盘
484,10:08:04,3.47,0.0,1000,347000,买盘
485,10:08:06,3.47,0.0,65,22555,买盘
486,10:08:09,3.47,0.0,5,1735,买盘
487,10:08:12,3.47,0.0,269,93343,买盘
488,10:08:15,3.46,-0.01,300,104095,卖盘
489,10:08:18,3.47,0.01,294,101996,买盘
490,10:08:21,3.47,0.0,7,2429,买盘
491,10:08:24,3.47,0.0,38,13186,买盘
492,10:08:27,3.47,0.0,7,2429,买盘
493,10:08:39,3.47,0.0,1,347,卖盘
494,10:08:51,3.47,0.0,32,11104,卖盘
495,10:09:06,3.47,0.0,22,7634,卖盘
496,10:09:09,3.47,0.0,18,6246,卖盘
497,10:09:12,3.47,0.0,10,3470,卖盘
498,10:09:15,3.47,0.0,786,273521,卖盘
499,10:09:21,3.47,0.0,1,347,卖盘
500,10:09:36,3.47,0.0,22,7634,卖盘
501,10:09:42,3.47,0.0,1,347,卖盘
502,10:09:48,3.47,0.0,54,18738,卖盘
503,10:09:51,3.47,0.0,49,17003,卖盘
504,10:09:54,3.47,0.0,19,6593,卖盘
505,10:10:00,3.47,0.0,12,4164,卖盘
506,10:10:04,3.48,0.01,53,18444,买盘
507,10:10:07,3.47,-0.01,93,32271,卖盘
508,10:10:09,3.47,0.0,263,91261,卖盘
509,10:10:12,3.47,0.0,157,54479,卖盘
510,10:10:15,3.47,0.0,144,49968,卖盘
511,10:10:18,3.47,0.0,34,11798,卖盘
512,10:10:21,3.47,0.0,83,28801,卖盘
513,10:10:24,3.47,0.0,231,80157,卖盘
514,10:10:33,3.46,-0.01,8,2768,卖盘
515,10:10:42,3.46,0.0,9,3114,卖盘
516,10:10:51,3.46,0.0,30,10380,卖盘
517,10:10:54,3.47,0.01,11,3817,买盘
518,10:11:00,3.47,0.0,40,13880,买盘
519,10:11:04,3.47,0.0,11,3816,买盘
520,10:11:15,3.47,0.0,10,3470,买盘
521,10:11:24,3.46,-0.01,90,31160,卖盘
522,10:11:27,3.47,0.01,30,10410,买盘
523,10:11:36,3.46,-0.01,12,4152,卖盘
524,10:11:39,3.47,0.01,35,12145,买盘
525,10:11:45,3.46,-0.01,26,8996,卖盘
526,10:12:04,3.47,0.01,13,4508,买盘
527,10:12:07,3.46,-0.01,230,79580,卖盘
528,10:12:21,3.47,0.01,3,1041,买盘
529,10:12:42,3.47,0.0,10,3469,买盘
530,10:13:09,3.46,-0.01,1,346,卖盘
531,10:13:24,3.46,0.0,70,24220,卖盘
532,10:13:27,3.46,0.0,215,74390,卖盘
533,10:13:30,3.46,0.0,12,4152,卖盘
534,10:13:39,3.46,0.0,11,3806,卖盘
535,10:13:45,3.47,0.01,6,2082,买盘
536,10:13:48,3.46,-0.01,21,7266,卖盘
537,10:14:15,3.47,0.01,1582,548954,买盘
538,10:14:18,3.47,0.0,101,35046,买盘
539,10:14:21,3.47,0.0,4,1388,买盘
540,10:14:24,3.47,0.0,88,30526,买盘
541,10:14:27,3.47,0.0,100,34700,买盘
542,10:14:42,3.47,0.0,10,3470,买盘
543,10:14:45,3.47,0.0,5,1735,买盘
544,10:14:48,3.47,0.0,6,2082,买盘
545,10:14:51,3.46,-0.01,22,7612,卖盘
546,10:15:06,3.46,0.0,5,1730,卖盘
547,10:15:12,3.46,0.0,30,10380,卖盘
548,10:15:15,3.46,0.0,29,10034,卖盘
549,10:15:21,3.46,0.0,22,7612,卖盘
550,10:15:24,3.46,0.0,12,4152,卖盘
551,10:15:27,3.46,0.0,323,112058,卖盘
552,10:15:30,3.47,0.01,58,20104,买盘
553,10:15:36,3.46,-0.01,70,24230,卖盘
554,10:15:39,3.46,0.0,1,346,卖盘
555,10:15:42,3.47,0.01,39,13533,买盘
556,10:15:54,3.46,-0.01,119,41174,卖盘
557,10:16:00,3.47,0.01,14,4858,买盘
558,10:16:06,3.46,-0.01,5,1730,卖盘
559,10:16:15,3.47,0.01,300,104100,买盘
560,10:16:18,3.47,0.0,39,13533,买盘
561,10:16:21,3.47,0.0,2259,783873,买盘
562,10:16:24,3.48,0.01,4,1392,买盘
563,10:16:27,3.47,-0.01,241,83857,卖盘
564,10:16:30,3.47,0.0,161,55998,卖盘
565,10:16:33,3.48,0.01,41,14268,买盘
566,10:16:39,3.48,0.0,41,14268,买盘
567,10:16:42,3.47,-0.01,10,3470,卖盘
568,10:16:51,3.47,0.0,30,10410,卖盘
569,10:17:06,3.48,0.01,5,1740,买盘
570,10:17:18,3.47,-0.01,495,171765,卖盘
571,10:17:21,3.48,0.01,36,12528,买盘
572,10:17:24,3.47,-0.01,220,76340,卖盘
573,10:17:27,3.48,0.01,36,12528,买盘
574,10:17:36,3.47,-0.01,30,10410,卖盘
575,10:17:39,3.47,0.0,25,8676,卖盘
576,10:18:04,3.47,0.0,2937,1019292,卖盘
577,10:18:06,3.47,0.0,4,1388,卖盘
578,10:18:12,3.47,0.0,53,18391,卖盘
579,10:18:15,3.47,0.0,11,3817,卖盘
580,10:18:18,3.47,0.0,53,18304,卖盘
581,10:18:21,3.48,0.01,4,1392,买盘
582,10:18:39,3.47,-0.01,1,347,卖盘
583,10:18:42,3.48,0.01,5,1740,买盘
584,10:18:45,3.48,0.0,184,64032,买盘
585,10:18:48,3.47,-0.01,373,129716,卖盘
586,10:18:57,3.48,0.01,48,16704,买盘
587,10:19:15,3.47,-0.01,5,1735,卖盘
588,10:19:39,3.47,0.0,3,1041,卖盘
589,10:19:45,3.48,0.01,2984,1038509,买盘
590,10:19:51,3.48,0.0,11,3828,卖盘
591,10:20:04,3.48,0.0,56,19370,卖盘
592,10:20:06,3.48,0.0,31,10788,卖盘
593,10:20:10,3.49,0.01,1,349,买盘
594,10:20:12,3.49,0.0,10,3490,买盘
595,10:20:21,3.49,0.0,33,11517,买盘
596,10:20:24,3.49,0.0,12,4188,买盘
597,10:20:27,3.49,0.0,16,5584,买盘
598,10:20:33,3.49,0.0,23,8027,买盘
599,10:20:42,3.49,0.0,20,6980,买盘
600,10:20:45,3.5,0.01,2066,721119,买盘
601,10:20:57,3.49,-0.01,5,1745,卖盘
602,10:21:09,3.49,0.0,20,6980,卖盘
603,10:21:12,3.49,0.0,33,11517,卖盘
604,10:21:15,3.5,0.01,5,1750,买盘
605,10:21:18,3.49,-0.01,20,6980,卖盘
606,10:21:27,3.49,0.0,5,1745,卖盘
607,10:21:39,3.49,0.0,31,10819,卖盘
608,10:21:42,3.49,0.0,106,36994,卖盘
609,10:21:45,3.49,0.0,109,38041,卖盘
610,10:21:48,3.5,0.01,54,18900,买盘
611,10:21:51,3.49,-0.01,94,32806,卖盘
612,10:21:54,3.49,0.0,11,3839,卖盘
613,10:22:04,3.49,0.0,20,6980,卖盘
614,10:22:06,3.49,0.0,40,13960,卖盘
615,10:22:09,3.49,0.0,132,46068,卖盘
616,10:22:12,3.5,0.01,20,6990,买盘
617,10:22:15,3.49,-0.01,103,35947,卖盘
618,10:22:18,3.49,0.0,202,70498,卖盘
619,10:22:21,3.49,0.0,154,53746,卖盘
620,10:22:24,3.48,-0.01,430,150033,卖盘
621,10:22:27,3.48,0.0,11,3830,卖盘
622,10:22:39,3.49,0.01,24,8376,买盘
623,10:23:09,3.49,0.0,361,125989,买盘
624,10:23:15,3.48,-0.01,20,6960,卖盘
625,10:23:27,3.49,0.01,14,4886,买盘
626,10:23:45,3.48,-0.01,3,1044,卖盘
627,10:23:51,3.49,0.01,30,10470,买盘
628,10:24:24,3.49,0.0,219,76411,买盘
629,10:24:30,3.49,0.0,2,698,买盘
630,10:24:33,3.49,0.0,177,61773,买盘
631,10:24:36,3.48,-0.01,1,348,卖盘
632,10:24:48,3.49,0.01,18,6282,买盘
633,10:25:00,3.48,-0.01,21,7308,卖盘
634,10:25:24,3.49,0.01,13,4526,买盘
635,10:25:33,3.48,-0.01,22,7656,卖盘
636,10:25:39,3.48,0.0,11,3828,卖盘
637,10:25:42,3.48,0.0,9,3132,卖盘
638,10:25:45,3.48,0.0,2,696,卖盘
639,10:25:52,3.48,0.0,12,4176,卖盘
640,10:25:54,3.48,0.0,9,3132,卖盘
641,10:25:57,3.48,0.0,15,5220,卖盘
642,10:26:04,3.48,0.0,10,3480,卖盘
643,10:26:27,3.49,0.01,3,1047,买盘
644,10:26:42,3.48,-0.01,8,2787,卖盘
645,10:26:45,3.48,0.0,6,2089,卖盘
646,10:26:48,3.49,0.01,11,3839,买盘
647,10:27:06,3.49,0.0,36,12564,买盘
648,10:28:36,3.48,-0.01,1,348,卖盘
649,10:28:45,3.49,0.01,5,1745,买盘
650,10:28:48,3.48,-0.01,10,3480,卖盘
651,10:28:57,3.48,0.0,15,5220,卖盘
652,10:29:04,3.48,0.0,8,2784,卖盘
653,10:29:06,3.48,0.0,4,1392,卖盘
654,10:29:15,3.48,0.0,3,1044,卖盘
655,10:29:18,3.48,0.0,2536,882528,卖盘
656,10:29:33,3.48,0.0,5,1740,卖盘
657,10:29:39,3.48,0.0,1,348,卖盘
658,10:29:45,3.49,0.01,15,5230,买盘
659,10:29:51,3.48,-0.01,3100,1078844,卖盘
660,10:30:04,3.48,0.0,2,696,买盘
661,10:30:09,3.47,-0.01,35,12145,卖盘
662,10:30:12,3.47,0.0,57,19821,卖盘
663,10:30:15,3.48,0.01,12,4176,买盘
664,10:30:21,3.47,-0.01,1,347,卖盘
665,10:30:24,3.47,0.0,32,11104,卖盘
666,10:30:27,3.47,0.0,3,1041,卖盘
667,10:30:30,3.47,0.0,159,55173,卖盘
668,10:30:36,3.47,0.0,3,1041,卖盘
669,10:31:33,3.48,0.01,1,348,买盘
670,10:31:37,3.48,0.0,329,114492,买盘
671,10:32:00,3.48,0.0,23,8004,买盘
672,10:32:09,3.47,-0.01,7,2429,卖盘
673,10:32:12,3.47,0.0,31,10757,卖盘
674,10:32:15,3.48,0.01,181,62988,买盘
675,10:32:21,3.47,-0.01,6,2082,卖盘
676,10:32:24,3.48,0.01,10,3480,买盘
677,10:32:27,3.47,-0.01,35,12145,卖盘
678,10:32:33,3.47,0.0,15,5205,卖盘
679,10:33:04,3.48,0.01,20,6960,买盘
680,10:33:06,3.47,-0.01,27,9392,卖盘
681,10:33:09,3.48,0.01,50,17400,买盘
682,10:33:18,3.48,0.0,113,39324,买盘
683,10:33:21,3.47,-0.01,100,34700,卖盘
684,10:33:36,3.47,0.0,10,3470,卖盘
685,10:33:42,3.47,0.0,5,1735,卖盘
686,10:33:57,3.47,0.0,13,4511,卖盘
687,10:34:00,3.47,0.0,50,17350,卖盘
688,10:34:18,3.47,0.0,10,3470,卖盘
689,10:34:21,3.47,0.0,1,347,卖盘
690,10:34:42,3.47,0.0,1,347,卖盘
691,10:34:54,3.48,0.01,29,10092,买盘
692,10:34:57,3.47,-0.01,8,2776,卖盘
693,10:35:09,3.48,0.01,30,10440,买盘
694,10:35:15,3.47,-0.01,13,4511,卖盘
695,10:35:21,3.48,0.01,29,10092,买盘
696,10:35:24,3.47,-0.01,15,5205,卖盘
697,10:35:27,3.47,0.0,15,5205,卖盘
698,10:35:30,3.47,0.0,11,3817,卖盘
699,10:35:33,3.47,0.0,19,6593,卖盘
700,10:35:36,3.48,0.01,31,10777,买盘
701,10:35:45,3.48,0.0,51,17737,买盘
702,10:35:51,3.48,0.0,40,13920,买盘
703,10:35:54,3.48,0.0,4,1392,买盘
704,10:36:00,3.47,-0.01,100,34700,卖盘
705,10:36:06,3.47,0.0,230,79810,卖盘
706,10:36:12,3.47,0.0,128,44416,卖盘
707,10:36:15,3.47,0.0,17,5899,卖盘
708,10:36:18,3.47,0.0,1,347,卖盘
709,10:36:36,3.48,0.01,10,3480,买盘
710,10:36:51,3.48,0.0,463,161124,买盘
711,10:36:55,3.47,-0.01,8,2776,卖盘
712,10:37:09,3.47,0.0,1,347,卖盘
713,10:37:30,3.47,0.0,10,3470,卖盘
714,10:37:36,3.47,0.0,8,2776,卖盘
715,10:37:42,3.47,0.0,2,694,卖盘
716,10:37:57,3.48,0.01,200,69600,买盘
717,10:38:03,3.48,0.0,110,38280,买盘
718,10:38:06,3.48,0.0,181,62988,买盘
719,10:38:09,3.48,0.0,598,208104,买盘
720,10:38:12,3.48,0.0,49,17052,买盘
721,10:38:15,3.48,0.0,41,14268,买盘
722,10:38:18,3.47,-0.01,342,118724,卖盘
723,10:38:24,3.48,0.01,100,34800,买盘
724,10:38:27,3.48,0.0,61,21184,买盘
725,10:38:30,3.49,0.01,2708,945049,买盘
726,10:38:33,3.49,0.0,156,54444,买盘
727,10:38:39,3.49,0.0,64,22336,买盘
728,10:38:42,3.49,0.0,12,4188,买盘
729,10:38:45,3.48,-0.01,5,1740,卖盘
730,10:38:48,3.49,0.01,2,698,买盘
731,10:38:51,3.48,-0.01,10,3480,卖盘
732,10:38:54,3.47,-0.01,1430,497064,卖盘
733,10:39:09,3.48,0.01,11,3828,卖盘
734,10:39:15,3.48,0.0,11,3828,卖盘
735,10:39:18,3.48,0.0,6,2088,卖盘
736,10:39:21,3.48,0.0,3,1044,卖盘
737,10:39:24,3.48,0.0,56,19488,卖盘
738,10:39:27,3.48,0.0,72,25056,卖盘
739,10:39:30,3.48,0.0,20,6960,卖盘
740,10:39:36,3.48,0.0,61,21228,卖盘
741,10:39:42,3.47,-0.01,15,5205,卖盘
742,10:39:48,3.47,0.0,15,5205,卖盘
743,10:39:51,3.48,0.01,59,20532,买盘
744,10:40:07,3.48,0.0,12,4186,卖盘
745,10:40:09,3.48,0.0,25,8700,卖盘
746,10:40:12,3.48,0.0,10,3480,卖盘
747,10:40:15,3.48,0.0,2,696,卖盘
748,10:40:18,3.48,0.0,130,45369,卖盘
749,10:40:21,3.49,0.01,57,19893,买盘
750,10:40:27,3.49,0.0,1,349,买盘
751,10:40:36,3.48,-0.01,31,10788,卖盘
752,10:41:18,3.49,0.01,94,32806,买盘
753,10:41:34,3.49,0.0,284,99116,买盘
754,10:41:36,3.49,0.0,32,11168,买盘
755,10:42:12,3.49,0.0,20,6980,买盘
756,10:42:15,3.49,0.0,730,254770,买盘
757,10:42:21,3.49,0.0,73,25477,买盘
758,10:42:24,3.49,0.0,47,16403,买盘
759,10:42:27,3.49,0.0,219,76431,买盘
760,10:42:57,3.49,0.0,10,3490,买盘
761,10:43:04,3.48,-0.01,9,3132,卖盘
762,10:43:15,3.49,0.01,51,17798,买盘
763,10:43:18,3.49,0.0,25,8725,买盘
764,10:43:24,3.49,0.0,22,7678,买盘
765,10:43:27,3.49,0.0,58,20242,卖盘
766,10:43:30,3.48,-0.01,228,79425,卖盘
767,10:43:45,3.49,0.01,58,20242,卖盘
768,10:43:54,3.49,0.0,2,698,卖盘
769,10:43:57,3.49,0.0,6,2094,卖盘
770,10:44:12,3.48,-0.01,5,1740,卖盘
771,10:44:18,3.48,0.0,1,348,卖盘
772,10:44:33,3.48,0.0,35,12204,卖盘
773,10:44:42,3.48,0.0,12,4176,卖盘
774,10:44:48,3.48,0.0,14,4872,卖盘
775,10:44:57,3.48,0.0,22,7656,卖盘
776,10:45:00,3.48,0.0,22,7656,卖盘
777,10:45:06,3.48,0.0,32,11136,卖盘
778,10:45:21,3.48,0.0,2,696,卖盘
779,10:45:24,3.48,0.0,500,174000,卖盘
780,10:45:27,3.48,0.0,34,11852,卖盘
781,10:45:33,3.48,0.0,37,12876,卖盘
782,10:45:42,3.49,0.01,145,50605,买盘
783,10:45:45,3.48,-0.01,11,3828,卖盘
784,10:45:48,3.48,0.0,35,12180,卖盘
785,10:45:51,3.48,0.0,11,3828,卖盘
786,10:46:06,3.48,0.0,76,26448,卖盘
787,10:46:09,3.48,0.0,183,63684,卖盘
788,10:46:15,3.48,0.0,10,3480,卖盘
789,10:46:33,3.48,0.0,1,348,卖盘
790,10:46:42,3.48,0.0,18,6264,卖盘
791,10:46:48,3.48,0.0,17,5916,卖盘
792,10:46:54,3.48,0.0,44,15312,卖盘
793,10:46:57,3.48,0.0,103,35844,卖盘
794,10:47:00,3.48,0.0,269,93612,卖盘
795,10:47:04,3.48,0.0,58,20184,卖盘
796,10:47:39,3.48,0.0,8,2784,卖盘
797,10:47:45,3.49,0.01,60,20900,买盘
798,10:47:57,3.48,-0.01,1,348,卖盘
799,10:48:09,3.48,0.0,9,3132,卖盘
800,10:48:12,3.48,0.0,35,12180,卖盘
801,10:48:18,3.48,0.0,86,29928,卖盘
802,10:48:21,3.48,0.0,164,57072,卖盘
803,10:48:24,3.48,0.0,33,11484,卖盘
804,10:48:27,3.48,0.0,5,1740,卖盘
805,10:48:42,3.48,0.0,20,6960,卖盘
806,10:49:00,3.48,0.0,1,348,卖盘
807,10:49:09,3.47,-0.01,53,18442,卖盘
808,10:49:12,3.47,0.0,144,49968,卖盘
809,10:49:15,3.47,0.0,20,6940,卖盘
810,10:49:18,3.47,0.0,77,26719,卖盘
811,10:49:21,3.47,0.0,26,9022,卖盘
812,10:49:27,3.47,0.0,28,9716,卖盘
813,10:49:33,3.47,0.0,12,4164,卖盘
814,10:49:54,3.48,0.01,25,8700,买盘
815,10:50:06,3.47,-0.01,2,694,卖盘
816,10:50:18,3.48,0.01,2,696,买盘
817,10:50:48,3.48,0.0,300,104400,买盘
818,10:50:57,3.48,0.0,78,27144,买盘
819,10:51:15,3.48,0.0,40,13920,卖盘
820,10:51:39,3.48,0.0,60,20880,卖盘
821,10:51:57,3.48,0.0,286,99528,卖盘
822,10:52:09,3.48,0.0,6,2088,买盘
823,10:52:21,3.47,-0.01,1,347,卖盘
824,10:52:42,3.48,0.01,5,1740,买盘
825,10:53:15,3.47,-0.01,33,11451,卖盘
826,10:53:33,3.47,0.0,50,17350,卖盘
827,10:54:04,3.48,0.01,80,27840,买盘
828,10:54:24,3.48,0.0,2,696,买盘
829,10:54:27,3.47,-0.01,63,21861,卖盘
830,10:55:00,3.48,0.01,10,3480,买盘
831,10:55:45,3.48,0.0,20,6960,买盘
832,10:56:00,3.48,0.0,3,1044,买盘
833,10:56:33,3.48,0.0,1,348,买盘
834,10:57:30,3.48,0.0,21,7308,买盘
835,10:57:33,3.48,0.0,1,348,买盘
836,10:59:04,3.47,-0.01,17,5899,卖盘
837,10:59:18,3.48,0.01,2,696,买盘
838,11:00:00,3.47,-0.01,15,5205,卖盘
839,11:00:15,3.47,0.0,8,2776,卖盘
840,11:00:21,3.47,0.0,9,3123,卖盘
841,11:01:06,3.48,0.01,11,3828,买盘
842,11:01:15,3.48,0.0,89,30972,买盘
843,11:01:39,3.48,0.0,12,4166,买盘
844,11:01:48,3.48,0.0,2,696,买盘
845,11:02:39,3.48,0.0,20,6960,买盘
846,11:02:51,3.47,-0.01,5,1735,卖盘
847,11:03:00,3.48,0.01,300,104400,买盘
848,11:03:06,3.48,0.0,200,69600,买盘
849,11:03:09,3.48,0.0,100,34800,买盘
850,11:03:15,3.48,0.0,312,108564,买盘
851,11:03:18,3.48,0.0,146,50808,买盘
852,11:03:27,3.48,0.0,300,104400,买盘
853,11:03:30,3.48,0.0,2,696,买盘
854,11:03:33,3.48,0.0,88,30624,买盘
855,11:03:36,3.48,0.0,22,7656,卖盘
856,11:03:39,3.48,0.0,55,19140,买盘
857,11:03:42,3.48,0.0,5,1740,卖盘
858,11:03:51,3.48,0.0,247,85956,买盘
859,11:03:54,3.48,0.0,53,18444,卖盘
860,11:04:09,3.48,0.0,150,52200,买盘
861,11:04:33,3.47,-0.01,4,1388,卖盘
862,11:04:42,3.48,0.01,77,26785,买盘
863,11:04:45,3.47,-0.01,22,7634,卖盘
864,11:04:48,3.47,0.0,10,3470,卖盘
865,11:04:54,3.47,0.0,15,5205,卖盘
866,11:04:57,3.47,0.0,22,7634,卖盘
867,11:05:00,3.47,0.0,11,3817,卖盘
868,11:05:03,3.47,0.0,22,7634,卖盘
869,11:05:06,3.47,0.0,12,4164,卖盘
870,11:05:12,3.47,0.0,600,208200,卖盘
871,11:05:48,3.47,0.0,8,2776,卖盘
872,11:06:27,3.47,0.0,12,4164,卖盘
873,11:07:04,3.47,0.0,600,208200,卖盘
874,11:07:15,3.47,0.0,20,6940,卖盘
875,11:07:27,3.47,0.0,1,347,卖盘
876,11:07:39,3.47,0.0,10,3470,卖盘
877,11:07:57,3.47,0.0,173,60031,卖盘
878,11:08:24,3.47,0.0,10,3470,卖盘
879,11:08:58,3.47,0.0,40,13880,卖盘
880,11:09:04,3.47,0.0,1,347,卖盘
881,11:09:12,3.48,0.01,50,17400,买盘
882,11:10:33,3.47,-0.01,3,1041,卖盘
883,11:10:48,3.47,0.0,300,104100,卖盘
884,11:10:54,3.48,0.01,2,695,买盘
885,11:11:06,3.48,0.0,50,17400,买盘
886,11:11:30,3.47,-0.01,4,1388,卖盘
887,11:11:33,3.48,0.01,300,104400,买盘
888,11:11:36,3.48,0.0,3,1044,买盘
889,11:11:39,3.48,0.0,3,1044,买盘
890,11:11:45,3.48,0.0,300,104400,买盘
891,11:11:48,3.48,0.0,2,696,买盘
892,11:11:51,3.48,0.0,1,348,买盘
893,11:11:54,3.48,0.0,200,69600,买盘
894,11:11:57,3.48,0.0,200,69600,买盘
895,11:12:00,3.48,0.0,9,3132,买盘
896,11:12:04,3.48,0.0,2,696,买盘
897,11:12:15,3.48,0.0,695,241860,买盘
898,11:12:24,3.48,0.0,843,293364,买盘
899,11:12:39,3.48,0.0,35,12180,卖盘
900,11:12:42,3.49,0.01,86,30014,买盘
901,11:12:48,3.48,-0.01,11,3834,卖盘
902,11:13:12,3.48,0.0,20,6960,卖盘
903,11:13:21,3.49,0.01,4,1396,买盘
904,11:13:36,3.49,0.0,1,349,买盘
905,11:13:39,3.48,-0.01,11,3828,卖盘
906,11:13:48,3.48,0.0,31,10818,卖盘
907,11:14:04,3.48,0.0,10,3480,卖盘
908,11:14:15,3.49,0.01,7,2443,买盘
909,11:14:30,3.49,0.0,1,349,买盘
910,11:14:57,3.48,-0.01,2,696,卖盘
911,11:15:24,3.48,0.0,1,348,卖盘
912,11:15:27,3.48,0.0,2,696,卖盘
913,11:15:45,3.48,0.0,22,7656,卖盘
914,11:16:21,3.48,0.0,10,3480,卖盘
915,11:16:24,3.48,0.0,25,8700,卖盘
916,11:16:27,3.48,0.0,1,348,卖盘
917,11:16:30,3.48,0.0,8,2784,卖盘
918,11:16:57,3.48,0.0,60,20880,卖盘
919,11:17:36,3.49,0.01,175,61075,买盘
920,11:17:45,3.49,0.0,25,8703,买盘
921,11:17:48,3.48,-0.01,22,7656,卖盘
922,11:18:04,3.49,0.01,700,244300,买盘
923,11:18:15,3.48,-0.01,373,129804,卖盘
924,11:18:48,3.48,0.0,76,26448,卖盘
925,11:18:54,3.48,0.0,30,10440,卖盘
926,11:18:57,3.48,0.0,1,348,卖盘
927,11:19:07,3.49,0.01,8,2792,买盘
928,11:19:27,3.49,0.0,5,1745,买盘
929,11:19:42,3.49,0.0,1,349,买盘
930,11:20:15,3.49,0.0,1944,678456,买盘
931,11:20:21,3.49,0.0,7,2443,买盘
932,11:20:27,3.49,0.0,3,1047,买盘
933,11:20:33,3.49,0.0,1279,446633,买盘
934,11:20:36,3.49,0.0,24,8376,卖盘
935,11:20:39,3.49,0.0,32,10906,卖盘
936,11:20:42,3.49,0.0,13,4799,买盘
937,11:20:45,3.49,0.0,4,1396,卖盘
938,11:20:48,3.49,0.0,2,698,买盘
939,11:20:51,3.5,0.01,748,261402,买盘
940,11:21:09,3.49,-0.01,77,26873,买盘
941,11:21:21,3.49,0.0,15,5235,买盘
942,11:21:24,3.49,0.0,27,9423,卖盘
943,11:21:27,3.49,0.0,7,2443,卖盘
944,11:21:30,3.49,0.0,10,3490,卖盘
945,11:21:33,3.48,-0.01,2,696,卖盘
946,11:21:36,3.48,0.0,15,5220,卖盘
947,11:21:39,3.49,0.01,48,16719,买盘
948,11:21:45,3.48,-0.01,15,5220,卖盘
949,11:22:24,3.49,0.01,20,6980,买盘
950,11:22:33,3.5,0.01,3506,1226503,买盘
951,11:22:36,3.49,-0.01,56,19544,卖盘
952,11:22:39,3.49,0.0,10,3490,买盘
953,11:22:57,3.49,0.0,316,110284,卖盘
954,11:23:09,3.49,0.0,58,20242,卖盘
955,11:23:12,3.49,0.0,58,20242,卖盘
956,11:23:15,3.49,0.0,68,23732,卖盘
957,11:23:18,3.49,0.0,100,34900,卖盘
958,11:23:33,3.49,0.0,67,23383,卖盘
959,11:23:42,3.49,0.0,70,24430,卖盘
960,11:23:45,3.49,0.0,80,27920,卖盘
961,11:23:48,3.49,0.0,14,4886,卖盘
962,11:24:04,3.5,0.01,20,7000,买盘
963,11:24:33,3.5,0.0,7,2450,买盘
964,11:24:39,3.49,-0.01,35,12215,卖盘
965,11:24:51,3.49,0.0,35,12215,卖盘
966,11:24:57,3.5,0.01,38,13265,买盘
967,11:25:00,3.49,-0.01,15,5235,卖盘
968,11:25:12,3.49,0.0,27,9423,卖盘
969,11:25:21,3.5,0.01,14,4900,买盘
970,11:25:30,3.49,-0.01,12,4189,卖盘
971,11:26:36,3.5,0.01,12,4200,买盘
972,11:26:45,3.5,0.0,4,1400,买盘
973,11:26:48,3.49,-0.01,14,4886,卖盘
974,11:27:09,3.49,0.0,200,69800,卖盘
975,11:27:39,3.49,0.0,104,36296,卖盘
976,11:28:09,3.49,0.0,11,3839,卖盘
977,11:28:12,3.49,0.0,15,5235,卖盘
978,11:28:18,3.49,0.0,30,10470,卖盘
979,11:28:27,3.49,0.0,117,40833,卖盘
980,11:28:33,3.49,0.0,50,17450,卖盘
981,11:28:54,3.5,0.01,57,19950,买盘
982,11:29:33,3.49,-0.01,1,349,卖盘
983,11:29:39,3.49,0.0,1,349,卖盘
984,11:29:42,3.49,0.0,11,3839,卖盘
985,11:30:00,3.49,0.0,71,24779,卖盘
986,13:00:04,3.49,0.0,383,133679,卖盘
987,13:00:06,3.49,0.0,91,31759,买盘
988,13:00:09,3.48,-0.01,11,3828,卖盘
989,13:00:12,3.49,0.01,20,6980,买盘
990,13:00:15,3.49,0.0,2,698,买盘
991,13:00:18,3.49,0.0,3,1047,买盘
992,13:00:21,3.49,0.0,2,698,买盘
993,13:00:30,3.49,0.0,83,28956,买盘
994,13:00:33,3.48,-0.01,16,5573,卖盘
995,13:00:36,3.49,0.01,43,15007,买盘
996,13:00:39,3.48,-0.01,30,10440,卖盘
997,13:00:42,3.48,0.0,22,7656,卖盘
998,13:00:48,3.49,0.01,1,349,买盘
999,13:00:51,3.49,0.0,1,349,买盘
1000,13:01:00,3.49,0.0,1,349,买盘
1001,13:01:04,3.49,0.0,7,2443,买盘
1002,13:01:12,3.48,-0.01,2,696,卖盘
1003,13:01:18,3.48,0.0,22,7656,卖盘
1004,13:01:27,3.49,0.01,1,349,买盘
1005,13:01:30,3.49,0.0,1,349,买盘
1006,13:01:33,3.49,0.0,12,4188,买盘
1007,13:01:39,3.49,0.0,1,349,买盘
1008,13:01:42,3.49,0.0,1,349,买盘
1009,13:01:45,3.49,0.0,2,698,买盘
1010,13:02:04,3.49,0.0,5,1745,买盘
1011,13:02:09,3.49,0.0,105,36645,买盘
1012,13:02:18,3.49,0.0,411,143439,买盘
1013,13:02:21,3.49,0.0,42,14658,卖盘
1014,13:02:27,3.49,0.0,30,10470,卖盘
1015,13:02:30,3.49,0.0,27,9423,卖盘
1016,13:02:33,3.49,0.0,23,8027,卖盘
1017,13:02:36,3.49,0.0,7,2443,卖盘
1018,13:02:39,3.49,0.0,2,698,卖盘
1019,13:02:42,3.5,0.01,1,350,买盘
1020,13:02:48,3.5,0.0,1,350,买盘
1021,13:03:00,3.5,0.0,2,700,买盘
1022,13:03:04,3.5,0.0,2,700,买盘
1023,13:03:09,3.5,0.0,12,4200,买盘
1024,13:03:12,3.5,0.0,1,350,买盘
1025,13:03:15,3.5,0.0,1,350,买盘
1026,13:03:18,3.5,0.0,2,700,买盘
1027,13:03:24,3.5,0.0,1,350,买盘
1028,13:03:30,3.49,-0.01,5,1745,卖盘
1029,13:03:33,3.5,0.01,3,1050,买盘
1030,13:03:36,3.49,-0.01,30,10470,卖盘
1031,13:03:39,3.5,0.01,1,350,买盘
1032,13:03:45,3.5,0.0,4,1399,买盘
1033,13:03:51,3.5,0.0,1,350,买盘
1034,13:03:54,3.5,0.0,1,350,买盘
1035,13:04:00,3.5,0.0,1,350,买盘
1036,13:04:04,3.5,0.0,3,1050,买盘
1037,13:04:06,3.5,0.0,2,700,买盘
1038,13:04:15,3.5,0.0,1,350,买盘
1039,13:04:21,3.49,-0.01,15,5235,卖盘
1040,13:04:57,3.49,0.0,10,3490,卖盘
1041,13:05:24,3.49,0.0,10,3490,卖盘
1042,13:06:09,3.49,0.0,1,349,卖盘
1043,13:06:30,3.49,0.0,29,10121,卖盘
1044,13:06:36,3.5,0.01,500,175000,买盘
1045,13:06:39,3.49,-0.01,88,30712,卖盘
1046,13:06:42,3.49,0.0,30,10470,卖盘
1047,13:06:48,3.49,0.0,22,7678,卖盘
1048,13:06:51,3.49,0.0,30,10498,卖盘
1049,13:06:57,3.49,0.0,31,10828,卖盘
1050,13:07:00,3.49,0.0,5,1745,卖盘
1051,13:07:04,3.49,0.0,1,349,卖盘
1052,13:07:12,3.49,0.0,46,16054,卖盘
1053,13:07:18,3.5,0.01,52,18150,买盘
1054,13:07:39,3.49,-0.01,20,6980,卖盘
1055,13:07:45,3.49,0.0,219,76431,卖盘
1056,13:07:57,3.49,0.0,100,34900,卖盘
1057,13:08:00,3.49,0.0,10,3490,卖盘
1058,13:08:04,3.49,0.0,56,19544,卖盘
1059,13:08:18,3.49,0.0,4,1396,卖盘
1060,13:08:39,3.49,0.0,213,74337,卖盘
1061,13:08:45,3.49,0.0,141,49209,卖盘
1062,13:08:48,3.49,0.0,29,10121,买盘
1063,13:08:51,3.49,0.0,29,10121,买盘
1064,13:09:39,3.49,0.0,22,7678,买盘
1065,13:09:42,3.49,0.0,2,698,买盘
1066,13:10:04,3.48,-0.01,1,348,卖盘
1067,13:10:12,3.49,0.01,32,11168,买盘
1068,13:10:15,3.49,0.0,5,1745,买盘
1069,13:10:18,3.49,0.0,4,1396,买盘
1070,13:10:21,3.49,0.0,1,349,买盘
1071,13:10:24,3.49,0.0,2,698,买盘
1072,13:10:30,3.49,0.0,5,1745,买盘
1073,13:10:45,3.49,0.0,28,9772,买盘
1074,13:10:51,3.49,0.0,1,349,买盘
1075,13:11:04,3.48,-0.01,15,5234,卖盘
1076,13:11:06,3.49,0.01,29,10121,买盘
1077,13:11:24,3.49,0.0,415,144835,买盘
1078,13:12:04,3.48,-0.01,2,696,卖盘
1079,13:12:06,3.49,0.01,2,698,买盘
1080,13:12:12,3.49,0.0,142,49558,买盘
1081,13:12:36,3.49,0.0,9,3141,买盘
1082,13:12:45,3.48,-0.01,20,6960,卖盘
1083,13:13:04,3.48,0.0,1,348,卖盘
1084,13:13:39,3.49,0.01,6,2094,买盘
1085,13:14:00,3.49,0.0,55,19195,买盘
1086,13:14:04,3.48,-0.01,1,348,卖盘
1087,13:14:12,3.49,0.01,4,1396,买盘
1088,13:14:24,3.49,0.0,20,6980,买盘
1089,13:14:36,3.48,-0.01,40,13920,卖盘
1090,13:14:39,3.48,0.0,8,2784,卖盘
1091,13:15:04,3.48,0.0,1,348,卖盘
1092,13:15:24,3.48,0.0,13,4524,卖盘
1093,13:15:30,3.48,0.0,20,6960,卖盘
1094,13:15:51,3.49,0.01,1,349,买盘
1095,13:15:57,3.49,0.0,300,104700,买盘
1096,13:16:04,3.48,-0.01,201,70148,卖盘
1097,13:16:09,3.49,0.01,300,104700,买盘
1098,13:16:12,3.49,0.0,205,71545,买盘
1099,13:16:15,3.49,0.0,79,27571,买盘
1100,13:16:18,3.49,0.0,148,51652,买盘
1101,13:16:21,3.49,0.0,69,24081,买盘
1102,13:16:24,3.49,0.0,35,12215,卖盘
1103,13:16:27,3.49,0.0,15,5235,卖盘
1104,13:16:30,3.49,0.0,11,3839,卖盘
1105,13:16:54,3.49,0.0,44,15356,卖盘
1106,13:17:04,3.49,0.0,1,349,卖盘
1107,13:17:06,3.49,0.0,21,7329,卖盘
1108,13:17:09,3.49,0.0,21,7329,卖盘
1109,13:17:30,3.49,0.0,10,3490,卖盘
1110,13:17:33,3.49,0.0,51,17799,卖盘
1111,13:17:39,3.49,0.0,50,17450,卖盘
1112,13:17:42,3.5,0.01,6,2100,买盘
1113,13:17:57,3.5,0.0,4,1400,买盘
1114,13:18:04,3.49,-0.01,1,349,卖盘
1115,13:18:06,3.49,0.0,220,76780,卖盘
1116,13:18:09,3.49,0.0,69,24081,买盘
1117,13:18:12,3.49,0.0,100,34900,买盘
1118,13:18:36,3.49,0.0,7,2443,买盘
1119,13:18:42,3.49,0.0,60,20905,买盘
1120,13:19:18,3.49,0.0,2,698,买盘
1121,13:19:24,3.49,0.0,1,349,买盘
1122,13:19:39,3.48,-0.01,3,1044,卖盘
1123,13:19:42,3.49,0.01,303,105747,买盘
1124,13:19:45,3.49,0.0,87,30363,买盘
1125,13:19:48,3.49,0.0,302,105398,买盘
1126,13:19:51,3.5,0.01,15,5236,买盘
1127,13:20:09,3.49,-0.01,98,34202,卖盘
1128,13:20:12,3.49,0.0,9,3141,卖盘
1129,13:20:15,3.49,0.0,2,698,买盘
1130,13:20:18,3.49,0.0,1,349,买盘
1131,13:20:57,3.48,-0.01,26,9052,卖盘
1132,13:21:06,3.48,0.0,22,7656,卖盘
1133,13:21:12,3.48,0.0,22,7656,卖盘
1134,13:21:33,3.49,0.01,7,2443,买盘
1135,13:21:36,3.49,0.0,8,2792,买盘
1136,13:21:39,3.48,-0.01,404,140592,卖盘
1137,13:21:57,3.49,0.01,300,104700,买盘
1138,13:22:04,3.49,0.0,187,65263,买盘
1139,13:22:06,3.49,0.0,14,4886,卖盘
1140,13:22:09,3.49,0.0,9,3141,卖盘
1141,13:22:12,3.49,0.0,6,2094,卖盘
1142,13:22:15,3.49,0.0,3,1047,卖盘
1143,13:22:18,3.49,0.0,3,1047,卖盘
1144,13:22:21,3.5,0.01,323,112997,买盘
1145,13:22:24,3.49,-0.01,2,698,卖盘
1146,13:22:27,3.49,0.0,90,31410,卖盘
1147,13:22:36,3.49,0.0,43,15007,卖盘
1148,13:22:42,3.49,0.0,2,698,卖盘
1149,13:23:00,3.49,0.0,30,10470,卖盘
1150,13:23:18,3.49,0.0,200,69800,卖盘
1151,13:23:24,3.49,0.0,10,3490,卖盘
1152,13:23:30,3.49,0.0,20,6980,卖盘
1153,13:23:42,3.49,0.0,83,28967,卖盘
1154,13:23:45,3.49,0.0,9,3141,卖盘
1155,13:23:48,3.49,0.0,7,2443,卖盘
1156,13:23:54,3.5,0.01,4,1400,买盘
1157,13:24:07,3.5,0.0,1,350,买盘
1158,13:24:09,3.5,0.0,10,3500,买盘
1159,13:24:33,3.5,0.0,7,2450,买盘
1160,13:24:42,3.5,0.0,20,7000,买盘
1161,13:24:54,3.5,0.0,28,9800,买盘
1162,13:25:45,3.49,-0.01,50,17450,卖盘
1163,13:25:51,3.49,0.0,1,349,卖盘
1164,13:25:54,3.5,0.01,8,2800,买盘
1165,13:26:09,3.49,-0.01,72,25138,卖盘
1166,13:26:15,3.5,0.01,5,1750,买盘
1167,13:26:19,3.49,-0.01,10,3490,卖盘
1168,13:26:24,3.49,0.0,122,42578,卖盘
1169,13:26:30,3.49,0.0,2,698,卖盘
1170,13:26:33,3.5,0.01,12,4200,买盘
1171,13:26:45,3.49,-0.01,11,3839,卖盘
1172,13:26:54,3.5,0.01,5,1750,买盘
1173,13:27:00,3.5,0.0,20,7000,买盘
1174,13:27:06,3.49,-0.01,200,69800,卖盘
1175,13:27:24,3.49,0.0,130,45484,卖盘
1176,13:27:27,3.5,0.01,18,6283,买盘
1177,13:27:33,3.5,0.0,9,3150,买盘
1178,13:27:54,3.5,0.0,2,700,买盘
1179,13:28:09,3.49,-0.01,20,6980,卖盘
1180,13:28:21,3.49,0.0,8,2792,卖盘
1181,13:29:24,3.49,0.0,45,15705,卖盘
1182,13:29:33,3.5,0.01,31,10850,买盘
1183,13:29:42,3.5,0.0,8,2800,买盘
1184,13:29:54,3.5,0.0,513,179041,买盘
1185,13:30:03,3.5,0.0,3,1050,买盘
1186,13:30:12,3.49,-0.01,526,184089,卖盘
1187,13:30:15,3.49,0.0,139,48618,卖盘
1188,13:30:18,3.49,0.0,58,20243,卖盘
1189,13:30:21,3.5,0.01,23,8029,买盘
1190,13:30:27,3.5,0.0,2,700,买盘
1191,13:30:33,3.5,0.0,7,2450,买盘
1192,13:30:48,3.49,-0.01,50,17480,卖盘
1193,13:30:54,3.5,0.01,37,12950,买盘
1194,13:30:57,3.49,-0.01,24,8376,卖盘
1195,13:31:12,3.49,0.0,700,244300,卖盘
1196,13:31:18,3.5,0.01,5,1750,买盘
1197,13:31:21,3.5,0.0,1334,465568,买盘
1198,13:31:24,3.49,-0.01,20,6980,卖盘
1199,13:31:27,3.5,0.01,7,2450,买盘
1200,13:31:45,3.49,-0.01,98,34202,卖盘
1201,13:32:24,3.5,0.01,51,17850,买盘
1202,13:32:48,3.49,-0.01,350,122150,卖盘
1203,13:32:51,3.5,0.01,200,70000,买盘
1204,13:32:54,3.49,-0.01,13,4541,卖盘
1205,13:32:57,3.49,0.0,104,36296,买盘
1206,13:33:00,3.49,0.0,89,31061,买盘
1207,13:33:21,3.5,0.01,132,46200,买盘
1208,13:33:27,3.49,-0.01,50,17450,卖盘
1209,13:33:30,3.5,0.01,7,2450,买盘
1210,13:33:51,3.49,-0.01,39,13611,卖盘
1211,13:33:54,3.49,0.0,99,34551,卖盘
1212,13:33:57,3.49,0.0,7,2443,买盘
1213,13:34:04,3.5,0.01,3,1050,买盘
1214,13:34:27,3.5,0.0,300,105000,买盘
1215,13:34:30,3.5,0.0,200,70000,买盘
1216,13:34:33,3.5,0.0,20,7000,买盘
1217,13:34:36,3.5,0.0,200,70000,买盘
1218,13:35:06,3.5,0.0,48,16789,买盘
1219,13:35:15,3.5,0.0,41,14344,买盘
1220,13:35:21,3.5,0.0,19,6650,买盘
1221,13:35:36,3.5,0.0,32,11200,买盘
1222,13:35:45,3.5,0.0,15,5250,买盘
1223,13:35:51,3.5,0.0,20,7000,买盘
1224,13:36:00,3.49,-0.01,5,1745,卖盘
1225,13:36:06,3.5,0.01,1,350,买盘
1226,13:36:15,3.49,-0.01,10,3490,卖盘
1227,13:36:30,3.5,0.01,8,2800,买盘
1228,13:36:42,3.5,0.0,57,19950,买盘
1229,13:36:54,3.49,-0.01,2,698,卖盘
1230,13:37:33,3.49,0.0,100,34900,卖盘
1231,13:37:36,3.49,0.0,10,3490,卖盘
1232,13:37:54,3.5,0.01,9,3150,买盘
1233,13:38:18,3.49,-0.01,31,10819,卖盘
1234,13:38:21,3.5,0.01,14,4900,买盘
1235,13:38:33,3.49,-0.01,50,17450,卖盘
1236,13:38:51,3.5,0.01,5,1750,买盘
1237,13:39:09,3.5,0.0,10,3500,买盘
1238,13:39:18,3.49,-0.01,100,34900,卖盘
1239,13:39:30,3.49,0.0,22,7685,卖盘
1240,13:39:45,3.5,0.01,1,350,买盘
1241,13:40:12,3.5,0.0,365,127750,买盘
1242,13:40:24,3.5,0.0,10,3500,买盘
1243,13:40:42,3.5,0.0,649,227090,买盘
1244,13:40:45,3.5,0.0,204,71400,买盘
1245,13:40:48,3.5,0.0,19,6650,买盘
1246,13:40:57,3.49,-0.01,67,23383,卖盘
1247,13:41:12,3.49,0.0,75,26175,卖盘
1248,13:41:18,3.49,0.0,152,53048,卖盘
1249,13:41:33,3.5,0.01,52,18173,买盘
1250,13:42:00,3.5,0.0,1,350,买盘
1251,13:42:09,3.49,-0.01,60,20940,卖盘
1252,13:42:15,3.49,0.0,15,5235,卖盘
1253,13:42:27,3.5,0.01,7,2450,买盘
1254,13:42:30,3.5,0.0,11,3850,买盘
1255,13:42:36,3.5,0.0,20,7000,买盘
1256,13:42:42,3.5,0.0,221,77350,买盘
1257,13:42:45,3.5,0.0,88,30800,买盘
1258,13:43:04,3.5,0.0,578,202300,买盘
1259,13:43:06,3.5,0.0,201,70350,买盘
1260,13:43:09,3.5,0.0,40,14000,买盘
1261,13:43:24,3.49,-0.01,15,5235,卖盘
1262,13:43:27,3.5,0.01,489,171150,买盘
1263,13:43:30,3.5,0.0,91,31850,买盘
1264,13:43:36,3.49,-0.01,15,5235,卖盘
1265,13:44:04,3.5,0.01,497,173950,买盘
1266,13:44:06,3.5,0.0,698,244300,买盘
1267,13:44:09,3.5,0.0,429,150150,买盘
1268,13:44:12,3.5,0.0,125,43750,买盘
1269,13:44:15,3.5,0.0,137,47950,买盘
1270,13:44:18,3.5,0.0,14,4900,买盘
1271,13:44:21,3.5,0.0,2,700,买盘
1272,13:44:27,3.49,-0.01,49,17243,卖盘
1273,13:44:33,3.49,0.0,3,1047,卖盘
1274,13:44:36,3.49,0.0,86,30014,卖盘
1275,13:45:00,3.49,0.0,100,34900,卖盘
1276,13:45:18,3.5,0.01,2307,807450,买盘
1277,13:45:21,3.5,0.0,200,70000,买盘
1278,13:45:24,3.5,0.0,162,56700,买盘
1279,13:45:27,3.49,-0.01,34,11890,卖盘
1280,13:45:30,3.5,0.01,79,27650,买盘
1281,13:45:33,3.49,-0.01,1006,351100,卖盘
1282,13:45:36,3.5,0.01,559,195650,买盘
1283,13:45:39,3.5,0.0,149,52150,买盘
1284,13:45:42,3.5,0.0,51,17850,买盘
1285,13:45:45,3.5,0.0,116,40600,买盘
1286,13:45:48,3.5,0.0,11,3850,买盘
1287,13:45:51,3.5,0.0,5,1750,买盘
1288,13:46:00,3.49,-0.01,10,3490,卖盘
1289,13:46:06,3.5,0.01,200,70000,买盘
1290,13:46:09,3.5,0.0,918,321300,买盘
1291,13:46:12,3.5,0.0,282,98700,买盘
1292,13:46:15,3.51,0.01,121,42419,买盘
1293,13:46:21,3.51,0.0,72,25272,买盘
1294,13:46:24,3.5,-0.01,8,2800,卖盘
1295,13:46:39,3.5,0.0,15,5250,卖盘
1296,13:46:57,3.5,0.0,8,2800,卖盘
1297,13:47:00,3.5,0.0,104,36400,卖盘
1298,13:47:06,3.5,0.0,67,23450,卖盘
1299,13:47:12,3.5,0.0,67,23450,卖盘
1300,13:47:15,3.5,0.0,73,25550,卖盘
1301,13:47:18,3.5,0.0,57,19950,卖盘
1302,13:47:24,3.51,0.01,20,7020,买盘
1303,13:47:28,3.5,-0.01,691,242482,卖盘
1304,13:47:30,3.5,0.0,27,9450,卖盘
1305,13:47:36,3.5,0.0,30,10500,卖盘
1306,13:47:39,3.5,0.0,3,1050,卖盘
1307,13:47:45,3.5,0.0,33,11550,卖盘
1308,13:47:51,3.5,0.0,25,8750,卖盘
1309,13:48:00,3.5,0.0,135,47370,卖盘
1310,13:48:04,3.51,0.01,2,702,买盘
1311,13:48:09,3.51,0.0,296,103896,买盘
1312,13:48:12,3.51,0.0,23,8073,买盘
1313,13:48:15,3.51,0.0,489,171639,买盘
1314,13:48:18,3.51,0.0,37,12987,买盘
1315,13:48:21,3.5,-0.01,5,1750,卖盘
1316,13:48:24,3.51,0.01,23,8073,买盘
1317,13:48:27,3.51,0.0,1,351,买盘
1318,13:48:39,3.51,0.0,9,3159,买盘
1319,13:48:57,3.5,-0.01,26,9100,卖盘
1320,13:49:04,3.51,0.01,20,7020,买盘
1321,13:49:12,3.51,0.0,40,14040,买盘
1322,13:49:21,3.5,-0.01,4,1400,卖盘
1323,13:49:36,3.51,0.01,3,1053,买盘
1324,13:49:51,3.51,0.0,69,24219,买盘
1325,13:49:54,3.51,0.0,15,5265,买盘
1326,13:50:06,3.5,-0.01,86,30184,卖盘
1327,13:50:09,3.5,0.0,8,2805,卖盘
1328,13:50:12,3.51,0.01,2,702,买盘
1329,13:50:27,3.51,0.0,700,245700,买盘
1330,13:50:30,3.51,0.0,66,23166,买盘
1331,13:50:33,3.51,0.0,6,2106,买盘
1332,13:50:36,3.51,0.0,1,351,买盘
1333,13:50:39,3.51,0.0,52,18252,买盘
1334,13:50:42,3.51,0.0,5,1755,买盘
1335,13:50:45,3.5,-0.01,71,24851,卖盘
1336,13:50:51,3.51,0.01,8,2808,买盘
1337,13:50:54,3.51,0.0,6,2106,买盘
1338,13:50:57,3.51,0.0,65,22815,买盘
1339,13:51:01,3.51,0.0,13,4563,买盘
1340,13:51:06,3.51,0.0,865,303615,买盘
1341,13:51:09,3.51,0.0,129,45279,买盘
1342,13:51:12,3.51,0.0,12,4212,买盘
1343,13:51:15,3.51,0.0,4,1404,买盘
1344,13:51:18,3.51,0.0,434,152334,买盘
1345,13:51:21,3.51,0.0,99,34749,买盘
1346,13:51:24,3.51,0.0,14,4914,买盘
1347,13:51:27,3.51,0.0,153,53703,买盘
1348,13:51:30,3.51,0.0,100,35100,卖盘
1349,13:51:36,3.51,0.0,41,14391,卖盘
1350,13:51:39,3.51,0.0,45,15795,卖盘
1351,13:51:54,3.51,0.0,126,44226,卖盘
1352,13:51:57,3.52,0.01,11,3872,买盘
1353,13:52:15,3.51,-0.01,100,35100,卖盘
1354,13:52:27,3.52,0.01,50,17600,买盘
1355,13:52:39,3.52,0.0,33,11616,买盘
1356,13:52:42,3.52,0.0,8,2816,买盘
1357,13:52:45,3.52,0.0,1,352,买盘
1358,13:52:51,3.52,0.0,589,207328,买盘
1359,13:52:54,3.52,0.0,47,16544,买盘
1360,13:52:57,3.52,0.0,4,1408,买盘
1361,13:53:04,3.51,-0.01,85,29915,卖盘
1362,13:53:27,3.52,0.01,76,26752,买盘
1363,13:53:30,3.51,-0.01,31,10892,卖盘
1364,13:53:33,3.51,0.0,30,10530,卖盘
1365,13:53:42,3.51,0.0,5,1755,卖盘
1366,13:54:04,3.51,0.0,10,3510,卖盘
1367,13:54:27,3.51,0.0,20,7020,卖盘
1368,13:54:30,3.51,0.0,14,4914,卖盘
1369,13:54:33,3.51,0.0,6,2106,卖盘
1370,13:54:48,3.51,0.0,5,1755,卖盘
1371,13:55:00,3.51,0.0,5,1755,卖盘
1372,13:55:04,3.51,0.0,142,49842,卖盘
1373,13:55:15,3.51,0.0,146,51246,卖盘
1374,13:55:18,3.52,0.01,3,1056,买盘
1375,13:55:30,3.51,-0.01,20,7020,卖盘
1376,13:55:39,3.52,0.01,1,352,买盘
1377,13:55:45,3.52,0.0,19,6688,买盘
1378,13:55:54,3.52,0.0,180,63360,买盘
1379,13:56:00,3.51,-0.01,28,9828,卖盘
1380,13:56:12,3.52,0.01,10,3520,买盘
1381,13:56:15,3.52,0.0,50,17600,买盘
1382,13:56:18,3.51,-0.01,202,70902,卖盘
1383,13:56:24,3.51,0.0,304,106704,卖盘
1384,13:56:27,3.51,0.0,1116,391716,卖盘
1385,13:56:30,3.51,0.0,96,33696,卖盘
1386,13:56:33,3.51,0.0,102,35804,卖盘
1387,13:56:36,3.51,0.0,48,16848,卖盘
1388,13:56:39,3.51,0.0,486,170634,卖盘
1389,13:56:42,3.51,0.0,18,6318,买盘
1390,13:56:51,3.5,-0.01,20,7000,卖盘
1391,13:57:21,3.5,0.0,20,7000,卖盘
1392,13:57:24,3.5,0.0,9,3150,卖盘
1393,13:57:30,3.51,0.01,152,53352,买盘
1394,13:57:39,3.5,-0.01,124,43400,卖盘
1395,13:57:42,3.51,0.01,698,244998,买盘
1396,13:57:45,3.51,0.0,103,36153,买盘
1397,13:57:48,3.51,0.0,9,3159,买盘
1398,13:58:00,3.51,0.0,24,8424,买盘
1399,13:58:04,3.51,0.0,3,1053,买盘
1400,13:58:06,3.51,0.0,1,351,买盘
1401,13:58:09,3.51,0.0,1,351,买盘
1402,13:58:15,3.51,0.0,19,6669,买盘
1403,13:58:18,3.5,-0.01,64,22400,卖盘
1404,13:58:30,3.5,0.0,6,2105,卖盘
1405,13:59:04,3.51,0.01,36,12636,买盘
1406,13:59:06,3.51,0.0,13,4563,买盘
1407,13:59:09,3.51,0.0,1,351,买盘
1408,13:59:12,3.5,-0.01,1,350,卖盘
1409,13:59:30,3.51,0.01,20,7020,买盘
1410,13:59:33,3.51,0.0,658,230958,买盘
1411,13:59:36,3.51,0.0,63,22113,买盘
1412,13:59:39,3.51,0.0,10,3510,买盘
1413,13:59:42,3.51,0.0,2,702,买盘
1414,13:59:57,3.51,0.0,4,1404,买盘
1415,14:00:00,3.51,0.0,183,64229,买盘
1416,14:00:04,3.51,0.0,62,21762,买盘
1417,14:00:06,3.51,0.0,73,25623,买盘
1418,14:00:15,3.51,0.0,1,351,卖盘
1419,14:00:24,3.51,0.0,18,6318,卖盘
1420,14:00:27,3.51,0.0,120,42120,卖盘
1421,14:00:30,3.52,0.01,44,15483,买盘
1422,14:00:39,3.51,-0.01,1,351,卖盘
1423,14:00:57,3.51,0.0,50,17550,卖盘
1424,14:01:00,3.51,0.0,88,30888,卖盘
1425,14:01:04,3.51,0.0,33,11583,卖盘
1426,14:01:06,3.51,0.0,53,18603,卖盘
1427,14:01:15,3.51,0.0,5,1755,卖盘
1428,14:01:24,3.51,0.0,10,3510,卖盘
1429,14:01:27,3.51,0.0,86,30249,卖盘
1430,14:01:30,3.51,0.0,5,1755,卖盘
1431,14:01:33,3.51,0.0,30,10530,卖盘
1432,14:01:36,3.52,0.01,2,704,买盘
1433,14:01:39,3.51,-0.01,20,7020,卖盘
1434,14:01:42,3.51,0.0,5,1755,卖盘
1435,14:01:45,3.51,0.0,30,10530,卖盘
1436,14:01:51,3.51,0.0,3,1053,卖盘
1437,14:01:57,3.52,0.01,494,173888,买盘
1438,14:02:12,3.52,0.0,190,66880,买盘
1439,14:02:30,3.52,0.0,96,33792,买盘
1440,14:02:36,3.52,0.0,15,5280,买盘
1441,14:02:45,3.52,0.0,20,7040,买盘
1442,14:02:51,3.52,0.0,6,2112,买盘
1443,14:02:57,3.52,0.0,25,8800,买盘
1444,14:03:12,3.52,0.0,2,704,买盘
1445,14:03:18,3.51,-0.01,40,14040,卖盘
1446,14:03:36,3.51,0.0,30,10530,卖盘
1447,14:03:42,3.52,0.01,253,89056,买盘
1448,14:04:06,3.51,-0.01,42,14961,卖盘
1449,14:04:12,3.51,0.0,39,13689,卖盘
1450,14:04:21,3.51,0.0,20,7020,卖盘
1451,14:04:24,3.51,0.0,112,39312,卖盘
1452,14:04:30,3.51,0.0,40,14040,卖盘
1453,14:04:33,3.51,0.0,138,48438,卖盘
1454,14:04:36,3.51,0.0,5,1755,卖盘
1455,14:04:39,3.52,0.01,5,1760,买盘
1456,14:04:45,3.52,0.0,120,42220,买盘
1457,14:04:48,3.52,0.0,153,53856,买盘
1458,14:04:54,3.52,0.0,10,3520,买盘
1459,14:05:06,3.52,0.0,6,2112,买盘
1460,14:05:12,3.51,-0.01,24,8424,卖盘
1461,14:05:36,3.51,0.0,20,7020,卖盘
1462,14:05:39,3.51,0.0,81,28431,卖盘
1463,14:05:42,3.51,0.0,10,3510,卖盘
1464,14:06:06,3.51,0.0,40,14040,卖盘
1465,14:06:09,3.51,0.0,10,3510,卖盘
1466,14:06:21,3.51,0.0,9,3159,卖盘
1467,14:06:36,3.51,0.0,162,56862,卖盘
1468,14:06:39,3.51,0.0,1,351,卖盘
1469,14:06:42,3.51,0.0,100,35100,卖盘
1470,14:07:06,3.51,0.0,12,4212,卖盘
1471,14:07:24,3.51,0.0,186,65286,卖盘
1472,14:07:36,3.51,0.0,10,3510,卖盘
1473,14:07:42,3.51,0.0,100,35100,卖盘
1474,14:07:51,3.51,0.0,11,3861,卖盘
1475,14:07:54,3.51,0.0,142,49842,卖盘
1476,14:07:57,3.52,0.01,1,352,买盘
1477,14:08:04,3.51,-0.01,11,3861,卖盘
1478,14:08:06,3.51,0.0,26,9126,卖盘
1479,14:08:09,3.51,0.0,1,351,卖盘
1480,14:08:15,3.51,0.0,32,11232,卖盘
1481,14:08:27,3.51,0.0,2,702,卖盘
1482,14:08:48,3.51,0.0,58,20358,卖盘
1483,14:09:04,3.52,0.01,105,36863,买盘
1484,14:09:27,3.51,-0.01,10,3510,卖盘
1485,14:09:36,3.51,0.0,1,351,卖盘
1486,14:09:39,3.51,0.0,5,1755,卖盘
1487,14:09:51,3.52,0.01,239,84128,买盘
1488,14:10:04,3.51,-0.01,10,3510,卖盘
1489,14:10:09,3.52,0.01,4,1408,买盘
1490,14:10:12,3.52,0.0,1,352,买盘
1491,14:10:18,3.52,0.0,1,352,买盘
1492,14:10:21,3.52,0.0,8,2816,买盘
1493,14:10:30,3.51,-0.01,379,133032,卖盘
1494,14:11:00,3.51,0.0,1,351,卖盘
1495,14:11:04,3.51,0.0,8,2808,卖盘
1496,14:11:15,3.51,0.0,10,3510,卖盘
1497,14:11:27,3.51,0.0,5,1755,卖盘
1498,14:11:33,3.51,0.0,10,3510,卖盘
1499,14:11:42,3.51,0.0,35,12285,卖盘
1500,14:12:12,3.52,0.01,140,49280,买盘
1501,14:12:27,3.52,0.0,769,270617,买盘
1502,14:12:39,3.51,-0.01,300,105300,卖盘
1503,14:12:51,3.51,0.0,6,2106,卖盘
1504,14:12:54,3.51,0.0,116,40537,卖盘
1505,14:12:57,3.51,0.0,92,32292,买盘
1506,14:13:00,3.51,0.0,293,103022,买盘
1507,14:13:03,3.51,0.0,152,53173,卖盘
1508,14:13:06,3.51,0.0,139,48968,买盘
1509,14:13:09,3.51,0.0,14,4735,卖盘
1510,14:13:12,3.51,0.0,10,3510,买盘
1511,14:13:15,3.51,0.0,25,8954,买盘
1512,14:13:18,3.52,0.01,20,7040,买盘
1513,14:13:36,3.51,-0.01,10,3510,卖盘
1514,14:13:51,3.51,0.0,312,109512,卖盘
1515,14:14:04,3.52,0.01,172,60534,买盘
1516,14:14:15,3.52,0.0,119,41888,买盘
1517,14:14:24,3.52,0.0,20,7040,买盘
1518,14:14:42,3.51,-0.01,6,2106,卖盘
1519,14:14:45,3.52,0.01,1,352,买盘
1520,14:15:04,3.52,0.0,14,4928,买盘
1521,14:15:12,3.51,-0.01,214,75114,卖盘
1522,14:15:15,3.51,0.0,5,1755,卖盘
1523,14:15:18,3.51,0.0,11,3861,卖盘
1524,14:15:21,3.51,0.0,114,40014,卖盘
1525,14:15:24,3.51,0.0,22,7722,卖盘
1526,14:15:27,3.51,0.0,25,8775,卖盘
1527,14:15:30,3.51,0.0,89,31239,卖盘
1528,14:15:33,3.51,0.0,87,30537,卖盘
1529,14:15:36,3.51,0.0,29,10179,卖盘
1530,14:15:39,3.51,0.0,9,3159,卖盘
1531,14:15:42,3.51,0.0,1,351,卖盘
1532,14:16:04,3.51,0.0,41,14391,卖盘
1533,14:16:18,3.51,0.0,10,3510,卖盘
1534,14:16:30,3.51,0.0,49,17199,卖盘
1535,14:16:33,3.51,0.0,29,10207,卖盘
1536,14:16:36,3.51,0.0,80,28080,卖盘
1537,14:16:51,3.51,0.0,16,5616,卖盘
1538,14:16:54,3.51,0.0,50,17550,卖盘
1539,14:17:04,3.52,0.01,127,44697,买盘
1540,14:17:09,3.51,-0.01,11,3861,卖盘
1541,14:17:15,3.51,0.0,3517,1236974,卖盘
1542,14:17:18,3.52,0.01,50,17600,买盘
1543,14:17:24,3.52,0.0,60,21120,买盘
1544,14:17:27,3.51,-0.01,33,11588,卖盘
1545,14:17:42,3.52,0.01,60,21120,买盘
1546,14:17:54,3.51,-0.01,309,108280,卖盘
1547,14:17:57,3.51,0.0,1,351,买盘
1548,14:18:00,3.51,0.0,1,351,买盘
1549,14:18:04,3.51,0.0,10,3510,买盘
1550,14:18:06,3.51,0.0,22,7722,买盘
1551,14:18:36,3.51,0.0,16,5616,买盘
1552,14:18:39,3.51,0.0,689,241839,买盘
1553,14:18:51,3.5,-0.01,10,3500,卖盘
1554,14:19:06,3.51,0.01,157,55107,买盘
1555,14:19:12,3.51,0.0,1,351,买盘
1556,14:19:33,3.51,0.0,10,3510,买盘
1557,14:19:36,3.51,0.0,5,1934,买盘
1558,14:19:45,3.51,0.0,15,5086,卖盘
1559,14:19:57,3.51,0.0,151,53180,买盘
1560,14:20:09,3.52,0.01,23,8093,买盘
1561,14:20:12,3.51,-0.01,26,9126,卖盘
1562,14:20:21,3.51,0.0,310,108810,卖盘
1563,14:20:54,3.52,0.01,124,43548,买盘
1564,14:20:57,3.51,-0.01,151,53001,卖盘
1565,14:21:00,3.52,0.01,3,1056,买盘
1566,14:21:04,3.51,-0.01,50,17550,卖盘
1567,14:21:15,3.52,0.01,1,352,买盘
1568,14:21:18,3.52,0.0,202,71104,买盘
1569,14:21:24,3.51,-0.01,34,11934,卖盘
1570,14:21:27,3.51,0.0,15,5265,卖盘
1571,14:21:30,3.51,0.0,5,1755,卖盘
1572,14:21:39,3.51,0.0,3,1053,卖盘
1573,14:21:51,3.51,0.0,9,3159,卖盘
1574,14:21:54,3.51,0.0,10,3510,卖盘
1575,14:22:06,3.51,0.0,50,17550,卖盘
1576,14:22:24,3.51,0.0,22,7722,卖盘
1577,14:22:30,3.51,0.0,25,8775,卖盘
1578,14:22:33,3.51,0.0,11,3861,卖盘
1579,14:22:36,3.51,0.0,33,11583,卖盘
1580,14:22:39,3.51,0.0,44,15444,卖盘
1581,14:22:48,3.51,0.0,55,19305,卖盘
1582,14:22:51,3.51,0.0,33,11583,卖盘
1583,14:22:57,3.51,0.0,8,2808,卖盘
1584,14:23:00,3.51,0.0,194,67915,卖盘
1585,14:23:04,3.51,0.0,31,10881,买盘
1586,14:23:18,3.51,0.0,41,14391,买盘
1587,14:23:27,3.5,-0.01,17,5950,卖盘
1588,14:23:30,3.5,0.0,37,12950,卖盘
1589,14:23:33,3.5,0.0,25,8750,卖盘
1590,14:23:42,3.5,0.0,11,3850,卖盘
1591,14:23:45,3.5,0.0,22,7700,卖盘
1592,14:23:48,3.5,0.0,15,5250,卖盘
1593,14:23:54,3.5,0.0,33,11550,卖盘
1594,14:23:57,3.5,0.0,15,5250,卖盘
1595,14:24:00,3.5,0.0,12,4200,卖盘
1596,14:24:04,3.5,0.0,11,3850,卖盘
1597,14:24:09,3.51,0.01,2,702,买盘
1598,14:24:15,3.5,-0.01,50,17500,卖盘
1599,14:24:24,3.51,0.01,1,351,买盘
1600,14:25:00,3.5,-0.01,11,3850,卖盘
1601,14:25:06,3.5,0.0,17,5950,卖盘
1602,14:25:27,3.5,0.0,100,35000,卖盘
1603,14:25:33,3.5,0.0,9,3150,卖盘
1604,14:25:36,3.5,0.0,100,35000,卖盘
1605,14:25:39,3.5,0.0,1,350,卖盘
1606,14:25:42,3.5,0.0,42,14700,卖盘
1607,14:25:45,3.5,0.0,17,5950,卖盘
1608,14:25:57,3.5,0.0,251,87850,卖盘
1609,14:26:01,3.5,0.0,40,14000,卖盘
1610,14:26:21,3.5,0.0,19,6650,卖盘
1611,14:26:24,3.5,0.0,200,70000,卖盘
1612,14:26:30,3.5,0.0,20,7000,卖盘
1613,14:26:39,3.5,0.0,31,10850,卖盘
1614,14:26:54,3.5,0.0,18,6300,卖盘
1615,14:27:12,3.51,0.01,5,1755,买盘
1616,14:27:15,3.5,-0.01,10,3500,卖盘
1617,14:27:18,3.51,0.01,317,111267,买盘
1618,14:27:54,3.5,-0.01,13,4550,卖盘
1619,14:27:57,3.51,0.01,19,6669,买盘
1620,14:28:04,3.5,-0.01,200,70000,卖盘
1621,14:28:06,3.5,0.0,36,12600,卖盘
1622,14:28:09,3.5,0.0,79,27653,卖盘
1623,14:28:12,3.5,0.0,15,5250,卖盘
1624,14:28:15,3.5,0.0,15,5250,卖盘
1625,14:28:18,3.5,0.0,1,350,卖盘
1626,14:28:21,3.51,0.01,21,7360,买盘
1627,14:28:24,3.5,-0.01,80,28000,卖盘
1628,14:28:33,3.5,0.0,10,3500,卖盘
1629,14:28:36,3.51,0.01,2,702,买盘
1630,14:28:57,3.5,-0.01,16,5600,卖盘
1631,14:29:03,3.5,0.0,15,5250,卖盘
1632,14:29:06,3.5,0.0,15,5250,卖盘
1633,14:29:12,3.5,0.0,22,7700,卖盘
1634,14:29:15,3.5,0.0,13,4550,卖盘
1635,14:29:18,3.5,0.0,1,350,卖盘
1636,14:29:21,3.5,0.0,11,3850,卖盘
1637,14:29:24,3.5,0.0,5,1750,卖盘
1638,14:29:27,3.5,0.0,200,70000,卖盘
1639,14:29:39,3.5,0.0,15,5250,卖盘
1640,14:29:48,3.5,0.0,32,11200,卖盘
1641,14:29:51,3.5,0.0,41,14242,卖盘
1642,14:30:09,3.5,0.0,80,28000,卖盘
1643,14:30:12,3.5,0.0,16,5600,卖盘
1644,14:30:18,3.5,0.0,15,5250,卖盘
1645,14:30:21,3.5,0.0,1,350,卖盘
1646,14:30:24,3.5,0.0,1,350,卖盘
1647,14:30:27,3.5,0.0,11,3850,卖盘
1648,14:30:36,3.5,0.0,11,3850,卖盘
1649,14:30:48,3.5,0.0,856,299600,卖盘
1650,14:30:54,3.5,0.0,160,56000,卖盘
1651,14:31:00,3.5,0.0,41,14350,卖盘
1652,14:31:04,3.5,0.0,2,700,卖盘
1653,14:31:18,3.5,0.0,644,225400,卖盘
1654,14:31:24,3.5,0.0,338,118300,卖盘
1655,14:31:27,3.5,0.0,32,11200,卖盘
1656,14:31:30,3.5,0.0,2,700,卖盘
1657,14:31:33,3.5,0.0,11,3850,卖盘
1658,14:31:36,3.51,0.01,29,10178,买盘
1659,14:31:39,3.5,-0.01,4,1400,卖盘
1660,14:31:42,3.51,0.01,17,5966,买盘
1661,14:31:45,3.51,0.0,16,5601,买盘
1662,14:31:48,3.5,-0.01,52,18202,卖盘
1663,14:31:51,3.51,0.01,4,1404,买盘
1664,14:31:57,3.51,0.0,1,351,买盘
1665,14:32:04,3.5,-0.01,42,14700,卖盘
1666,14:32:06,3.51,0.01,7,2457,买盘
1667,14:32:15,3.5,-0.01,50,17500,卖盘
1668,14:32:21,3.5,0.0,1,350,卖盘
1669,14:32:30,3.5,0.0,41,14350,卖盘
1670,14:32:33,3.51,0.01,16,5616,买盘
1671,14:32:45,3.5,-0.01,16,5600,卖盘
1672,14:32:48,3.5,0.0,9,3150,卖盘
1673,14:32:51,3.5,0.0,5,1750,卖盘
1674,14:32:54,3.51,0.01,8,2808,买盘
1675,14:32:57,3.5,-0.01,6,2100,卖盘
1676,14:33:00,3.5,0.0,12,4200,卖盘
1677,14:33:12,3.5,0.0,2,903,卖盘
1678,14:33:27,3.5,0.0,12,4200,卖盘
1679,14:33:33,3.5,0.0,16,5600,卖盘
1680,14:33:39,3.5,0.0,15,5250,卖盘
1681,14:33:42,3.5,0.0,23,8050,卖盘
1682,14:33:45,3.5,0.0,88,30800,卖盘
1683,14:33:48,3.51,0.01,556,195115,买盘
1684,14:33:54,3.5,-0.01,24,8401,卖盘
1685,14:33:57,3.5,0.0,220,77000,卖盘
1686,14:34:06,3.5,0.0,1,350,卖盘
1687,14:34:18,3.5,0.0,103,36050,卖盘
1688,14:34:30,3.5,0.0,3,1050,卖盘
1689,14:34:33,3.5,0.0,50,17500,卖盘
1690,14:34:45,3.5,0.0,1,350,卖盘
1691,14:34:48,3.5,0.0,1,350,卖盘
1692,14:34:54,3.51,0.01,30,10530,买盘
1693,14:35:00,3.51,0.0,3,1053,买盘
1694,14:35:18,3.5,-0.01,103,36050,卖盘
1695,14:35:24,3.5,0.0,15,5250,卖盘
1696,14:35:27,3.5,0.0,100,35000,卖盘
1697,14:35:30,3.51,0.01,16,5602,买盘
1698,14:35:33,3.51,0.0,3,1053,买盘
1699,14:35:45,3.5,-0.01,1,350,卖盘
1700,14:35:48,3.51,0.01,6,2106,买盘
1701,14:35:57,3.5,-0.01,1,350,卖盘
1702,14:36:04,3.5,0.0,11,3850,卖盘
1703,14:36:15,3.5,0.0,1,350,卖盘
1704,14:36:30,3.5,0.0,1,350,卖盘
1705,14:36:39,3.5,0.0,33,11550,卖盘
1706,14:36:45,3.5,0.0,1,350,卖盘
1707,14:36:57,3.5,0.0,3,1050,卖盘
1708,14:37:06,3.5,0.0,5,1750,卖盘
1709,14:37:12,3.5,0.0,20,7000,卖盘
1710,14:37:18,3.5,0.0,1,350,卖盘
1711,14:37:36,3.5,0.0,1,350,卖盘
1712,14:37:51,3.5,0.0,9,3150,卖盘
1713,14:37:54,3.5,0.0,6,2100,卖盘
1714,14:38:09,3.51,0.01,765,268515,买盘
1715,14:38:12,3.51,0.0,300,105300,买盘
1716,14:38:18,3.51,0.0,200,70200,买盘
1717,14:38:24,3.51,0.0,300,105300,买盘
1718,14:38:27,3.51,0.0,200,70200,买盘
1719,14:38:30,3.5,-0.01,100,35000,卖盘
1720,14:38:36,3.51,0.01,4,1404,买盘
1721,14:38:42,3.5,-0.01,2,700,卖盘
1722,14:38:45,3.51,0.01,211,74061,买盘
1723,14:38:54,3.5,-0.01,20,7000,卖盘
1724,14:38:57,3.51,0.01,200,70200,买盘
1725,14:39:00,3.5,-0.01,29,10178,卖盘
1726,14:39:04,3.51,0.01,300,105300,买盘
1727,14:39:06,3.51,0.0,11,3861,买盘
1728,14:39:12,3.5,-0.01,11,3856,卖盘
1729,14:39:15,3.5,0.0,10,3500,卖盘
1730,14:39:24,3.5,0.0,11,3850,卖盘
1731,14:39:27,3.5,0.0,16,5600,卖盘
1732,14:39:30,3.5,0.0,1,350,卖盘
1733,14:39:42,3.51,0.01,1120,393120,买盘
1734,14:39:45,3.51,0.0,21,7356,买盘
1735,14:39:48,3.51,0.0,76,26650,买盘
1736,14:39:51,3.51,0.0,4,1404,买盘
1737,14:40:04,3.51,0.0,264,92664,买盘
1738,14:40:06,3.5,-0.01,38,13300,卖盘
1739,14:40:09,3.5,0.0,220,77203,卖盘
1740,14:40:12,3.5,0.0,142,49711,卖盘
1741,14:40:15,3.5,0.0,642,225239,卖盘
1742,14:40:18,3.5,0.0,27,9455,卖盘
1743,14:40:21,3.51,0.01,49,17155,买盘
1744,14:40:27,3.5,-0.01,27,9456,卖盘
1745,14:40:33,3.5,0.0,7,2450,卖盘
1746,14:40:36,3.51,0.01,31,10880,买盘
1747,14:40:51,3.51,0.0,200,70200,买盘
1748,14:40:54,3.5,-0.01,15,5250,卖盘
1749,14:40:57,3.51,0.01,27,9477,买盘
1750,14:41:00,3.5,-0.01,2,700,卖盘
1751,14:41:04,3.51,0.01,130,45630,买盘
1752,14:41:06,3.51,0.0,41,14388,买盘
1753,14:41:18,3.51,0.0,12,4212,买盘
1754,14:41:39,3.5,-0.01,1,350,卖盘
1755,14:41:48,3.51,0.01,86,30186,买盘
1756,14:42:04,3.5,-0.01,80,28000,卖盘
1757,14:42:06,3.5,0.0,1,350,卖盘
1758,14:42:15,3.51,0.01,32,11232,买盘
1759,14:42:33,3.5,-0.01,14,4900,卖盘
1760,14:42:39,3.5,0.0,1,350,卖盘
1761,14:42:57,3.51,0.01,100,35100,买盘
1762,14:43:04,3.51,0.0,329,115479,买盘
1763,14:43:10,3.51,0.0,200,70200,买盘
1764,14:43:12,3.51,0.0,20,7020,买盘
1765,14:43:15,3.5,-0.01,15,5250,卖盘
1766,14:43:27,3.51,0.01,1,351,买盘
1767,14:43:36,3.51,0.0,2,702,买盘
1768,14:43:45,3.51,0.0,2,702,买盘
1769,14:43:48,3.51,0.0,104,36504,买盘
1770,14:43:51,3.51,0.0,100,35100,买盘
1771,14:43:54,3.51,0.0,2,702,买盘
1772,14:43:57,3.5,-0.01,15,5250,卖盘
1773,14:44:00,3.51,0.01,15,5265,买盘
1774,14:44:04,3.51,0.0,10,3510,买盘
1775,14:44:06,3.51,0.0,3,1053,买盘
1776,14:44:09,3.5,-0.01,15,5250,卖盘
1777,14:44:18,3.5,0.0,1,350,卖盘
1778,14:44:21,3.51,0.01,44,15433,买盘
1779,14:44:24,3.5,-0.01,20,7000,卖盘
1780,14:44:39,3.5,0.0,30,10500,卖盘
1781,14:44:45,3.5,0.0,3,1050,卖盘
1782,14:44:48,3.51,0.01,75,26325,买盘
1783,14:45:12,3.5,-0.01,40,14020,卖盘
1784,14:45:15,3.5,0.0,3,1050,卖盘
1785,14:45:18,3.5,0.0,32,11200,卖盘
1786,14:45:21,3.51,0.01,28,9826,买盘
1787,14:45:24,3.5,-0.01,11,3850,卖盘
1788,14:45:27,3.5,0.0,8,2800,卖盘
1789,14:45:30,3.51,0.01,32,11232,买盘
1790,14:45:33,3.5,-0.01,10,3500,卖盘
1791,14:45:36,3.5,0.0,3,1050,卖盘
1792,14:45:48,3.5,0.0,32,11200,卖盘
1793,14:45:51,3.51,0.01,51,17900,买盘
1794,14:45:57,3.51,0.0,318,111611,买盘
1795,14:46:09,3.5,-0.01,340,119000,卖盘
1796,14:46:18,3.5,0.0,32,11200,卖盘
1797,14:46:21,3.5,0.0,15,5250,卖盘
1798,14:46:30,3.5,0.0,33,11550,卖盘
1799,14:46:36,3.5,0.0,20,7010,卖盘
1800,14:46:39,3.5,0.0,41,14350,卖盘
1801,14:46:42,3.5,0.0,6,2100,卖盘
1802,14:46:48,3.5,0.0,126,44200,卖盘
1803,14:46:54,3.5,0.0,21,7350,卖盘
1804,14:47:04,3.51,0.01,1,351,买盘
1805,14:47:09,3.5,-0.01,3,1050,卖盘
1806,14:47:15,3.51,0.01,20,7020,买盘
1807,14:47:18,3.5,-0.01,22,7700,卖盘
1808,14:47:21,3.5,0.0,5,1750,卖盘
1809,14:47:27,3.5,0.0,27,9450,卖盘
1810,14:47:30,3.5,0.0,25,8750,卖盘
1811,14:47:33,3.51,0.01,300,105300,买盘
1812,14:47:42,3.5,-0.01,35,12260,卖盘
1813,14:47:48,3.5,0.0,69,24150,卖盘
1814,14:47:51,3.5,0.0,25,8750,卖盘
1815,14:47:54,3.51,0.01,31,10881,买盘
1816,14:47:57,3.5,-0.01,3,1050,卖盘
1817,14:48:06,3.51,0.01,300,105300,买盘
1818,14:48:09,3.5,-0.01,1,350,卖盘
1819,14:48:15,3.5,0.0,6,2100,卖盘
1820,14:48:27,3.5,0.0,1,350,卖盘
1821,14:48:30,3.5,0.0,4,1400,卖盘
1822,14:48:33,3.51,0.01,50,17550,买盘
1823,14:48:39,3.5,-0.01,5,1750,卖盘
1824,14:48:46,3.5,0.0,3,1050,卖盘
1825,14:48:48,3.51,0.01,41,14351,买盘
1826,14:48:54,3.5,-0.01,514,180400,卖盘
1827,14:49:00,3.51,0.01,307,107756,买盘
1828,14:49:04,3.51,0.0,200,70200,买盘
1829,14:49:06,3.5,-0.01,6,2100,卖盘
1830,14:49:09,3.5,0.0,13,4550,卖盘
1831,14:49:12,3.51,0.01,304,106704,买盘
1832,14:49:15,3.5,-0.01,31,10850,卖盘
1833,14:49:21,3.51,0.01,70,24570,买盘
1834,14:49:24,3.51,0.0,854,299754,买盘
1835,14:49:27,3.51,0.0,147,51551,买盘
1836,14:49:30,3.51,0.0,272,95472,卖盘
1837,14:49:34,3.51,0.0,6,2106,卖盘
1838,14:49:39,3.51,0.0,20,7020,卖盘
1839,14:49:57,3.51,0.0,9,3159,卖盘
1840,14:50:00,3.51,0.0,9,3159,卖盘
1841,14:50:04,3.52,0.01,3,1055,买盘
1842,14:50:06,3.52,0.0,51,17952,买盘
1843,14:50:09,3.52,0.0,72,25344,买盘
1844,14:50:13,3.51,-0.01,95,33395,卖盘
1845,14:50:15,3.51,0.0,24,8424,卖盘
1846,14:50:18,3.51,0.0,5,1755,卖盘
1847,14:50:21,3.51,0.0,53,18603,卖盘
1848,14:50:24,3.51,0.0,1,351,卖盘
1849,14:50:27,3.51,0.0,2,702,卖盘
1850,14:50:30,3.51,0.0,2,702,卖盘
1851,14:50:39,3.51,0.0,1,351,卖盘
1852,14:50:49,3.52,0.01,105,36940,买盘
1853,14:50:51,3.51,-0.01,110,38610,卖盘
1854,14:50:57,3.51,0.0,48,16848,卖盘
1855,14:51:00,3.52,0.01,500,176000,买盘
1856,14:51:04,3.52,0.0,9,3168,买盘
1857,14:51:09,3.51,-0.01,30,10530,卖盘
1858,14:51:15,3.52,0.01,11,3872,买盘
1859,14:51:18,3.51,-0.01,21,7371,卖盘
1860,14:51:21,3.51,0.0,53,18653,卖盘
1861,14:51:24,3.52,0.01,2,704,买盘
1862,14:51:30,3.51,-0.01,6,2106,卖盘
1863,14:51:51,3.52,0.01,1,352,买盘
1864,14:52:00,3.52,0.0,2,704,买盘
1865,14:52:06,3.51,-0.01,24,8437,卖盘
1866,14:52:18,3.51,0.0,5,1755,卖盘
1867,14:52:21,3.51,0.0,22,7722,卖盘
1868,14:52:39,3.52,0.01,8,2816,买盘
1869,14:52:45,3.51,-0.01,200,70200,卖盘
1870,14:52:48,3.52,0.01,245,86230,买盘
1871,14:52:51,3.52,0.0,8,2816,买盘
1872,14:52:54,3.52,0.0,13,4576,买盘
1873,14:52:57,3.51,-0.01,101,35452,卖盘
1874,14:53:00,3.51,0.0,1,351,卖盘
1875,14:53:04,3.51,0.0,707,248157,卖盘
1876,14:53:06,3.51,0.0,10,3510,卖盘
1877,14:53:09,3.51,0.0,11,3862,卖盘
1878,14:53:12,3.51,0.0,191,67087,卖盘
1879,14:53:15,3.51,0.0,10,3510,买盘
1880,14:53:18,3.51,0.0,110,38610,买盘
1881,14:53:21,3.51,0.0,86,30140,买盘
1882,14:53:24,3.51,0.0,49,17199,卖盘
1883,14:53:27,3.52,0.01,10,3520,买盘
1884,14:53:30,3.51,-0.01,38,13338,卖盘
1885,14:53:33,3.51,0.0,11,3866,卖盘
1886,14:53:42,3.51,0.0,43,15093,卖盘
1887,14:53:45,3.51,0.0,10,3510,卖盘
1888,14:53:51,3.51,0.0,37,12987,卖盘
1889,14:53:55,3.52,0.01,835,293089,买盘
1890,14:53:57,3.52,0.0,36,12654,买盘
1891,14:54:04,3.51,-0.01,1,351,卖盘
1892,14:54:06,3.51,0.0,1885,659858,卖盘
1893,14:54:09,3.51,0.0,105,36855,卖盘
1894,14:54:12,3.52,0.01,361,127036,买盘
1895,14:54:15,3.51,-0.01,21,7372,卖盘
1896,14:54:18,3.52,0.01,300,105600,买盘
1897,14:54:21,3.51,-0.01,45,15805,卖盘
1898,14:54:27,3.51,0.0,23,8073,卖盘
1899,14:54:30,3.51,0.0,100,35100,卖盘
1900,14:54:33,3.52,0.01,25,8781,买盘
1901,14:54:42,3.51,-0.01,264,92664,卖盘
1902,14:54:45,3.51,0.0,360,126361,卖盘
1903,14:54:48,3.51,0.0,20,7020,卖盘
1904,14:54:51,3.51,0.0,101,35452,卖盘
1905,14:55:00,3.51,0.0,100,35100,卖盘
1906,14:55:12,3.52,0.01,2,704,买盘
1907,14:55:27,3.51,-0.01,50,17550,卖盘
1908,14:55:36,3.51,0.0,13,4563,卖盘
1909,14:55:39,3.51,0.0,15,5265,卖盘
1910,14:55:42,3.52,0.01,50,17600,买盘
1911,14:55:48,3.52,0.0,5,1760,买盘
1912,14:55:51,3.51,-0.01,716,252024,卖盘
1913,14:55:54,3.51,0.0,32,11242,卖盘
1914,14:55:57,3.51,0.0,268,94089,卖盘
1915,14:56:00,3.51,0.0,120,42120,卖盘
1916,14:56:04,3.52,0.01,5,1760,买盘
1917,14:56:06,3.51,-0.01,173,60723,卖盘
1918,14:56:09,3.51,0.0,3,1053,卖盘
1919,14:56:15,3.51,0.0,513,180384,卖盘
1920,14:56:18,3.52,0.01,45,15830,买盘
1921,14:56:21,3.51,-0.01,296,103896,卖盘
1922,14:56:27,3.52,0.01,245,86058,买盘
1923,14:56:36,3.51,-0.01,715,250880,买盘
1924,14:56:39,3.51,0.0,7,2457,买盘
1925,14:56:42,3.51,0.0,11,3861,买盘
1926,14:56:45,3.51,0.0,46,16146,卖盘
1927,14:56:48,3.51,0.0,100,35100,卖盘
1928,14:56:51,3.52,0.01,33,11616,买盘
1929,14:56:57,3.52,0.0,109,38359,买盘
1930,14:57:00,3.52,0.0,2109,742368,买盘
1931,15:00:04,3.51,-0.01,1958,687258,卖盘
