,time,price,change,vol,amount,type
0,09:25:04,9.96,0.0,688,685248,卖盘
1,09:30:00,9.9,-0.06,26,25756,卖盘
2,09:30:04,9.85,-0.05,512,506078,卖盘
3,09:30:06,9.85,0.0,12,11839,卖盘
4,09:30:09,9.85,0.0,36,35502,卖盘
5,09:30:12,9.83,-0.02,11,10813,卖盘
6,09:30:15,9.82,-0.01,32,31455,卖盘
7,09:30:18,9.82,0.0,6,5892,卖盘
8,09:30:21,9.83,0.01,65,63895,买盘
9,09:30:24,9.85,0.02,91,89579,买盘
10,09:30:27,9.82,-0.03,159,156350,卖盘
11,09:30:30,9.83,0.01,6,5898,买盘
12,09:30:33,9.9,0.07,252,248262,买盘
13,09:30:36,9.81,-0.09,3,2943,卖盘
14,09:30:39,9.82,0.01,22,21583,买盘
15,09:30:42,9.85,0.03,311,305511,买盘
16,09:30:45,9.81,-0.04,54,52972,买盘
17,09:30:48,9.81,0.0,2,1962,买盘
18,09:30:51,9.81,0.0,11,10791,买盘
19,09:30:54,9.91,0.1,299,294938,买盘
20,09:30:57,9.81,-0.1,43,42228,卖盘
21,09:31:00,9.81,0.0,20,19620,卖盘
22,09:31:04,9.8,-0.01,75,73648,卖盘
23,09:31:06,9.83,0.03,7,6879,买盘
24,09:31:09,9.96,0.13,1453,1446467,买盘
25,09:31:12,9.96,0.0,108,107394,卖盘
26,09:31:15,9.92,-0.04,2,1984,中性盘
27,09:31:19,9.98,0.06,13,12916,买盘
28,09:31:21,9.98,0.0,50,49903,卖盘
29,09:31:24,9.98,0.0,15,14970,卖盘
30,09:31:27,9.98,0.0,45,44910,卖盘
31,09:31:30,9.98,0.0,6,5970,买盘
32,09:31:36,9.87,-0.11,35,34602,卖盘
33,09:31:39,9.88,0.01,32,31616,买盘
34,09:31:42,9.87,-0.01,39,38499,卖盘
35,09:31:45,9.88,0.01,81,80028,买盘
36,09:31:48,9.96,0.08,1,996,卖盘
37,09:31:51,9.88,-0.08,2,1976,卖盘
38,09:31:54,9.88,0.0,98,97125,卖盘
39,09:31:57,9.88,0.0,93,91885,卖盘
40,09:32:00,9.88,0.0,13,12844,卖盘
41,09:32:04,9.88,0.0,20,19760,卖盘
42,09:32:06,9.88,0.0,33,32722,卖盘
43,09:32:09,9.87,-0.01,1,987,中性盘
44,09:32:15,9.86,-0.01,90,88749,卖盘
45,09:32:21,9.86,0.0,122,120295,卖盘
46,09:32:24,9.85,-0.01,71,69947,卖盘
47,09:32:27,9.85,0.0,300,295500,买盘
48,09:32:30,9.83,-0.02,42,41286,卖盘
49,09:32:33,9.82,-0.01,19,18661,卖盘
50,09:32:36,9.82,0.0,30,29460,买盘
51,09:32:39,9.82,0.0,44,43206,买盘
52,09:32:42,9.81,-0.01,37,36332,卖盘
53,09:32:45,9.95,0.14,362,356161,买盘
54,09:32:48,9.81,-0.14,486,478583,卖盘
55,09:32:54,9.85,0.04,59,58115,买盘
56,09:32:57,9.9,0.05,22,21780,买盘
57,09:33:00,9.9,0.0,10,9900,买盘
58,09:33:04,9.9,0.0,6,5924,买盘
59,09:33:06,9.96,0.06,264,262768,买盘
60,09:33:09,9.9,-0.06,37,36846,卖盘
61,09:33:12,9.9,0.0,5,4950,卖盘
62,09:33:18,9.87,-0.03,14,13814,卖盘
63,09:33:21,9.9,0.03,10,9892,买盘
64,09:33:27,9.87,-0.03,4,3948,卖盘
65,09:33:33,9.9,0.03,7,6928,买盘
66,09:33:36,9.9,0.0,5,4950,买盘
67,09:33:39,9.89,-0.01,41,40549,卖盘
68,09:33:42,9.9,0.01,34,33655,买盘
69,09:33:45,9.89,-0.01,29,28681,卖盘
70,09:33:48,9.87,-0.02,2,1974,卖盘
71,09:33:51,9.87,0.0,12,11864,卖盘
72,09:33:54,9.87,0.0,34,33558,卖盘
73,09:34:00,9.86,-0.01,10,9860,卖盘
74,09:34:04,9.85,-0.01,1,985,卖盘
75,09:34:06,9.85,0.0,120,118200,卖盘
76,09:34:09,9.86,0.01,10,9860,买盘
77,09:34:12,9.85,-0.01,42,41370,卖盘
78,09:34:15,9.85,0.0,35,34468,买盘
79,09:34:18,9.85,0.0,6,5910,买盘
80,09:34:21,9.85,0.0,88,86642,买盘
81,09:34:24,9.84,-0.01,4,3936,卖盘
82,09:34:27,9.84,0.0,29,28536,卖盘
83,09:34:30,9.84,0.0,3,2952,卖盘
84,09:34:33,9.84,0.0,2,1968,卖盘
85,09:34:36,9.85,0.01,15,14763,买盘
86,09:34:39,9.84,-0.01,26,25584,卖盘
87,09:34:48,9.83,-0.01,11,10813,卖盘
88,09:34:52,9.83,0.0,30,29490,卖盘
89,09:34:54,9.83,0.0,1,983,买盘
90,09:34:57,9.82,-0.01,46,45172,卖盘
91,09:35:04,9.81,-0.01,209,205130,卖盘
92,09:35:06,9.81,0.0,27,26487,卖盘
93,09:35:12,9.81,0.0,439,430916,卖盘
94,09:35:15,9.81,0.0,3,2943,买盘
95,09:35:21,9.81,0.0,210,206010,买盘
96,09:35:24,9.8,-0.01,11,10780,卖盘
97,09:35:27,9.8,0.0,12,11770,卖盘
98,09:35:33,9.81,0.01,687,673380,买盘
99,09:35:36,9.79,-0.02,271,265615,卖盘
100,09:35:39,9.79,0.0,63,61644,买盘
101,09:35:42,9.79,0.0,10,9787,买盘
102,09:35:45,9.77,-0.02,2,1954,卖盘
103,09:35:48,9.77,0.0,34,33218,卖盘
104,09:35:51,9.77,0.0,19,18563,卖盘
105,09:35:54,9.77,0.0,9,8790,买盘
106,09:35:57,9.77,0.0,66,64466,买盘
107,09:36:00,9.78,0.01,112,109427,买盘
108,09:36:04,9.78,0.0,55,53841,卖盘
109,09:36:06,9.78,0.0,15,14670,卖盘
110,09:36:09,9.76,-0.02,12,11712,卖盘
111,09:36:15,9.76,0.0,20,19520,卖盘
112,09:36:18,9.76,0.0,54,52704,卖盘
113,09:36:21,9.77,0.01,22,21481,中性盘
114,09:36:24,9.77,0.0,31,30287,卖盘
115,09:36:27,9.77,0.0,5,4882,买盘
116,09:36:30,9.76,-0.01,54,52704,卖盘
117,09:36:33,9.77,0.01,15,14644,买盘
118,09:36:36,9.78,0.01,89,86987,买盘
119,09:36:39,9.78,0.0,207,202523,买盘
120,09:36:42,9.8,0.02,247,241931,买盘
121,09:36:45,9.84,0.04,26,25530,买盘
122,09:36:48,9.85,0.01,18,17720,买盘
123,09:36:51,9.85,0.0,15,14786,卖盘
124,09:36:54,9.85,0.0,1,985,卖盘
125,09:36:57,9.85,0.0,2,1970,卖盘
126,09:37:00,9.85,0.0,42,41382,卖盘
127,09:37:04,9.84,-0.01,6,5904,卖盘
128,09:37:06,9.81,-0.03,2,1962,卖盘
129,09:37:15,9.81,0.0,10,9810,卖盘
130,09:37:18,9.8,-0.01,20,19619,卖盘
131,09:37:21,9.79,-0.01,9,8811,卖盘
132,09:37:24,9.79,0.0,25,24475,卖盘
133,09:37:27,9.82,0.03,107,104992,买盘
134,09:37:30,9.81,-0.01,10,9810,卖盘
135,09:37:39,9.81,0.0,10,9810,卖盘
136,09:37:42,9.81,0.0,10,9810,卖盘
137,09:37:45,9.82,0.01,9,8836,买盘
138,09:37:48,9.81,-0.01,2,1962,卖盘
139,09:37:51,9.81,0.0,54,53027,卖盘
140,09:37:54,9.82,0.01,7,6874,买盘
141,09:38:04,9.82,0.0,39,38374,卖盘
142,09:38:06,9.82,0.0,2,1964,卖盘
143,09:38:09,9.83,0.01,1,983,买盘
144,09:38:12,9.84,0.01,9,8854,中性盘
145,09:38:15,9.82,-0.02,2,1964,卖盘
146,09:38:24,9.83,0.01,20,19660,中性盘
147,09:38:27,9.83,0.0,39,38337,卖盘
148,09:38:30,9.84,0.01,2,1968,买盘
149,09:38:33,9.84,0.0,12,11807,买盘
150,09:38:36,9.84,0.0,1,984,卖盘
151,09:38:39,9.85,0.01,56,55159,买盘
152,09:38:42,9.85,0.0,12,11820,卖盘
153,09:38:45,9.85,0.0,2,1970,卖盘
154,09:38:48,9.85,0.0,3,2955,卖盘
155,09:38:51,9.85,0.0,27,26599,卖盘
156,09:38:54,9.85,0.0,9,8865,卖盘
157,09:38:57,9.85,0.0,3,2953,买盘
158,09:39:00,9.84,-0.01,2,1968,卖盘
159,09:39:04,9.85,0.01,8,7874,买盘
160,09:39:06,9.83,-0.02,4,3932,卖盘
161,09:39:09,9.9,0.07,103,101654,买盘
162,09:39:12,9.83,-0.07,6,5898,卖盘
163,09:39:18,9.83,0.0,2,1966,卖盘
164,09:39:21,9.83,0.0,2,1966,卖盘
165,09:39:24,9.83,0.0,9,8847,卖盘
166,09:39:27,9.83,0.0,116,114315,卖盘
167,09:39:30,9.83,0.0,4,3932,卖盘
168,09:39:33,9.83,0.0,32,31456,卖盘
169,09:39:36,9.83,0.0,4,3932,卖盘
170,09:39:39,9.87,0.04,8,7879,买盘
171,09:39:48,9.88,0.01,150,148169,买盘
172,09:39:54,9.84,-0.04,19,18728,卖盘
173,09:40:00,9.85,0.01,3,2955,卖盘
174,09:40:05,9.85,0.0,3,2955,卖盘
175,09:40:07,9.85,0.0,2,1970,卖盘
176,09:40:09,9.86,0.01,11,10843,买盘
177,09:40:15,9.86,0.0,3,2958,买盘
178,09:40:21,9.88,0.02,14,13826,买盘
179,09:40:25,9.86,-0.02,4,3944,卖盘
180,09:40:27,9.86,0.0,3,2958,买盘
181,09:40:30,9.86,0.0,3,2958,卖盘
182,09:40:33,9.88,0.02,43,42481,买盘
183,09:40:36,9.9,0.02,88,87112,买盘
184,09:40:39,9.9,0.0,13,12870,卖盘
185,09:40:42,9.88,-0.02,4,4446,中性盘
186,09:40:45,9.88,0.0,3,2964,卖盘
187,09:40:48,9.9,0.02,42,41578,买盘
188,09:40:51,9.9,0.0,8,7920,买盘
189,09:40:54,9.88,-0.02,50,49516,卖盘
190,09:40:57,9.91,0.03,7,6931,中性盘
191,09:41:00,9.91,0.0,36,35676,卖盘
192,09:41:03,9.9,-0.01,1,990,卖盘
193,09:41:06,9.93,0.03,41,40678,买盘
194,09:41:12,9.9,-0.03,7,6930,买盘
195,09:41:15,9.88,-0.02,51,50582,卖盘
196,09:41:18,9.9,0.02,16,15840,买盘
197,09:41:27,9.93,0.03,48,47579,买盘
198,09:41:30,9.88,-0.05,23,22724,卖盘
199,09:41:33,9.88,0.0,6,5928,卖盘
200,09:41:36,9.94,0.06,48,47626,买盘
201,09:41:39,9.88,-0.06,27,26182,卖盘
202,09:41:42,9.88,0.0,48,47424,买盘
203,09:41:45,9.88,0.0,94,92872,买盘
204,09:41:48,9.87,-0.01,12,11844,卖盘
205,09:41:51,9.88,0.01,1,988,买盘
206,09:41:57,9.88,0.0,323,319124,买盘
207,09:42:00,9.89,0.01,63,62445,中性盘
208,09:42:04,9.89,0.0,39,38571,卖盘
209,09:42:07,9.89,0.0,31,30659,买盘
210,09:42:09,9.93,0.04,32,32224,买盘
211,09:42:12,9.93,0.0,13,12909,卖盘
212,09:42:15,9.88,-0.05,20,19762,卖盘
213,09:42:18,9.88,0.0,2,1976,卖盘
214,09:42:24,9.9,0.02,7,6925,买盘
215,09:42:27,9.94,0.04,151,149748,买盘
216,09:42:30,9.94,0.0,16,15865,买盘
217,09:42:33,9.95,0.01,44,43737,买盘
218,09:42:36,9.91,-0.04,2,1982,卖盘
219,09:42:51,9.9,-0.01,7,6930,卖盘
220,09:42:54,9.9,0.0,2,1980,卖盘
221,09:43:00,9.9,0.0,4,3960,卖盘
222,09:43:04,9.9,0.0,28,27720,卖盘
223,09:43:06,9.9,0.0,9,8915,卖盘
224,09:43:15,9.9,0.0,7,6930,卖盘
225,09:43:18,9.9,0.0,23,22770,卖盘
226,09:43:21,9.91,0.01,32,31683,买盘
227,09:43:24,9.89,-0.02,2,1978,卖盘
228,09:43:30,9.89,0.0,10,9890,卖盘
229,09:43:33,9.89,0.0,33,32637,卖盘
230,09:43:42,9.9,0.01,43,42529,买盘
231,09:43:48,9.88,-0.02,1,988,卖盘
232,09:43:51,9.88,0.0,1,988,卖盘
233,09:44:04,9.89,0.01,23,22742,买盘
234,09:44:06,9.89,0.0,1,989,卖盘
235,09:44:09,9.89,0.0,3,2967,卖盘
236,09:44:12,9.89,0.0,49,48461,卖盘
237,09:44:18,9.88,-0.01,2,1976,卖盘
238,09:44:21,9.89,0.01,16,15817,买盘
239,09:44:24,9.89,0.0,6,5934,买盘
240,09:44:30,9.89,0.0,114,112746,买盘
241,09:44:33,9.88,-0.01,1,988,卖盘
242,09:44:36,9.88,0.0,11,10868,卖盘
243,09:44:42,9.89,0.01,94,92966,买盘
244,09:44:48,9.89,0.0,10,9890,卖盘
245,09:44:51,9.9,0.01,28,27712,买盘
246,09:44:54,9.9,0.0,20,19800,买盘
247,09:44:57,9.9,0.0,46,45540,买盘
248,09:45:00,9.92,0.02,40,39607,买盘
249,09:45:04,9.9,-0.02,37,36629,中性盘
250,09:45:09,9.9,0.0,5,4950,买盘
251,09:45:12,9.93,0.03,145,143782,买盘
252,09:45:15,9.93,0.0,12,11916,卖盘
253,09:45:18,9.93,0.0,4,3972,卖盘
254,09:45:24,9.93,0.0,92,91358,卖盘
255,09:45:27,9.94,0.01,22,21855,买盘
256,09:45:30,9.93,-0.01,3,2981,卖盘
257,09:45:33,9.94,0.01,115,114299,买盘
258,09:45:36,9.93,-0.01,107,106365,卖盘
259,09:45:42,9.89,-0.04,28,27701,卖盘
260,09:45:45,9.93,0.04,1,993,买盘
261,09:45:48,9.89,-0.04,6,5934,卖盘
262,09:45:54,9.91,0.02,35,34707,买盘
263,09:45:57,9.89,-0.02,23,22753,卖盘
264,09:46:04,9.9,0.01,17,16830,卖盘
265,09:46:06,9.91,0.01,13,12883,买盘
266,09:46:15,9.91,0.0,4,3964,卖盘
267,09:46:21,9.93,0.02,59,58587,买盘
268,09:46:30,9.93,0.0,29,28797,买盘
269,09:46:48,9.93,0.0,6,5958,买盘
270,09:46:57,9.9,-0.03,283,280366,卖盘
271,09:47:03,9.9,0.0,10,9900,买盘
272,09:47:15,9.9,0.0,20,19800,买盘
273,09:47:21,9.89,-0.01,12,11868,卖盘
274,09:47:24,9.9,0.01,170,168300,买盘
275,09:47:27,9.9,0.0,5,4950,买盘
276,09:47:30,9.9,0.0,1,990,买盘
277,09:47:33,9.89,-0.01,125,123625,卖盘
278,09:47:36,9.9,0.01,63,62344,买盘
279,09:47:39,9.9,0.0,65,64350,卖盘
280,09:47:51,9.89,-0.01,75,74175,买盘
281,09:48:04,9.89,0.0,16,15824,卖盘
282,09:48:06,9.9,0.01,50,49494,买盘
283,09:48:09,9.9,0.0,19,18810,卖盘
284,09:48:12,9.9,0.0,2,1980,卖盘
285,09:48:15,9.9,0.0,47,46558,卖盘
286,09:48:18,9.9,0.0,29,28760,卖盘
287,09:48:21,9.9,0.0,9,8910,卖盘
288,09:48:27,9.9,0.0,7,6930,卖盘
289,09:48:30,9.89,-0.01,2,1978,卖盘
290,09:48:33,9.89,0.0,19,18801,卖盘
291,09:48:36,9.9,0.01,28,27702,买盘
292,09:48:39,9.89,-0.01,14,13846,卖盘
293,09:48:42,9.89,0.0,101,99939,卖盘
294,09:48:45,9.88,-0.01,49,48412,卖盘
295,09:48:48,9.88,0.0,21,20748,卖盘
296,09:48:51,9.87,-0.01,32,31588,卖盘
297,09:48:54,9.87,0.0,7,6909,卖盘
298,09:48:57,9.87,0.0,8,7896,卖盘
299,09:49:00,9.86,-0.01,3,2960,卖盘
300,09:49:04,9.86,0.0,25,24650,卖盘
301,09:49:09,9.86,0.0,59,58174,买盘
302,09:49:12,9.86,0.0,7,6902,卖盘
303,09:49:15,9.87,0.01,24,23688,买盘
304,09:49:18,9.86,-0.01,72,70992,卖盘
305,09:49:21,9.87,0.01,8,7896,买盘
306,09:49:30,9.88,0.01,28,27664,买盘
307,09:49:33,9.88,0.0,3,2964,卖盘
308,09:49:36,9.88,0.0,7,6916,卖盘
309,09:49:39,9.89,0.01,207,204723,买盘
310,09:49:42,9.89,0.0,1,989,买盘
311,09:49:45,9.89,0.0,2,1978,买盘
312,09:49:48,9.89,0.0,2,1978,买盘
313,09:49:57,9.89,0.0,2,1978,买盘
314,09:50:00,9.89,0.0,1,989,买盘
315,09:50:04,9.88,-0.01,6,5928,卖盘
316,09:50:06,9.88,0.0,1,988,卖盘
317,09:50:09,9.88,0.0,1,988,卖盘
318,09:50:12,9.88,0.0,1,988,卖盘
319,09:50:15,9.88,0.0,6,5928,卖盘
320,09:50:18,9.88,0.0,12,11856,卖盘
321,09:50:24,9.89,0.01,21,20751,买盘
322,09:50:27,9.89,0.0,7,6923,卖盘
323,09:50:33,9.89,0.0,10,9890,卖盘
324,09:50:36,9.89,0.0,10,9890,卖盘
325,09:50:39,9.89,0.0,1,989,卖盘
326,09:50:42,9.89,0.0,9,8901,卖盘
327,09:50:45,9.89,0.0,12,11868,卖盘
328,09:50:48,9.89,0.0,13,12857,卖盘
329,09:50:51,9.89,0.0,28,27692,卖盘
330,09:50:54,9.89,0.0,4,3954,买盘
331,09:50:57,9.88,-0.01,2,1976,卖盘
332,09:51:00,9.88,0.0,7,6916,卖盘
333,09:51:04,9.88,0.0,69,68172,卖盘
334,09:51:06,9.88,0.0,4,3952,卖盘
335,09:51:09,9.88,0.0,7,6913,买盘
336,09:51:15,9.88,0.0,4,3952,卖盘
337,09:51:18,9.88,0.0,3,2964,卖盘
338,09:51:21,9.88,0.0,13,12844,卖盘
339,09:51:24,9.88,0.0,4,3952,卖盘
340,09:51:39,9.88,0.0,4,3952,卖盘
341,09:51:54,9.88,0.0,28,27664,卖盘
342,09:51:57,9.88,0.0,9,8892,卖盘
343,09:52:00,9.88,0.0,2,1976,卖盘
344,09:52:04,9.88,0.0,3,2964,卖盘
345,09:52:45,9.89,0.01,1,989,买盘
346,09:52:51,9.88,-0.01,76,75088,卖盘
347,09:52:54,9.87,-0.01,5,4935,卖盘
348,09:53:04,9.87,0.0,15,14805,卖盘
349,09:53:06,9.86,-0.01,174,171683,卖盘
350,09:53:09,9.86,0.0,14,13804,卖盘
351,09:53:12,9.86,0.0,49,48314,卖盘
352,09:53:15,9.86,0.0,20,19720,卖盘
353,09:53:18,9.86,0.0,2,1972,卖盘
354,09:53:21,9.86,0.0,7,6902,卖盘
355,09:53:24,9.86,0.0,5,4930,卖盘
356,09:53:33,9.85,-0.01,16,15766,卖盘
357,09:53:36,9.85,0.0,120,118200,买盘
358,09:53:39,9.85,0.0,68,66970,买盘
359,09:53:42,9.86,0.01,6,5916,买盘
360,09:53:48,9.86,0.0,9,8874,买盘
361,09:53:54,9.85,-0.01,34,33493,卖盘
362,09:54:00,9.85,0.0,44,43340,卖盘
363,09:54:04,9.85,0.0,8,7880,卖盘
364,09:54:06,9.85,0.0,16,15760,买盘
365,09:54:09,9.84,-0.01,22,21669,卖盘
366,09:54:15,9.84,0.0,46,45300,卖盘
367,09:54:18,9.84,0.0,121,119064,卖盘
368,09:54:24,9.83,-0.01,6,5898,卖盘
369,09:54:27,9.83,0.0,2,1966,卖盘
370,09:54:30,9.83,0.0,148,145484,卖盘
371,09:54:33,9.82,-0.01,13,12766,卖盘
372,09:54:36,9.81,-0.01,11,10795,卖盘
373,09:54:39,9.81,0.0,2,1962,卖盘
374,09:54:45,9.81,0.0,7,6867,卖盘
375,09:54:48,9.82,0.01,58,56931,买盘
376,09:54:51,9.82,0.0,12,11784,卖盘
377,09:54:54,9.82,0.0,1,982,卖盘
378,09:55:00,9.82,0.0,1,982,卖盘
379,09:55:04,9.82,0.0,2,1964,卖盘
380,09:55:06,9.82,0.0,36,35352,卖盘
381,09:55:09,9.82,0.0,2,1964,卖盘
382,09:55:12,9.82,0.0,4,3928,卖盘
383,09:55:21,9.84,0.02,84,82622,买盘
384,09:55:27,9.82,-0.02,8,7856,卖盘
385,09:55:30,9.83,0.01,4,3932,买盘
386,09:55:33,9.82,-0.01,4,3928,卖盘
387,09:55:36,9.82,0.0,1,982,卖盘
388,09:55:48,9.84,0.02,4,3936,买盘
389,09:55:54,9.84,0.0,20,19680,买盘
390,09:56:00,9.83,-0.01,13,12782,卖盘
391,09:56:04,9.83,0.0,33,32439,卖盘
392,09:56:09,9.83,0.0,3,2949,卖盘
393,09:56:19,9.83,0.0,1,983,卖盘
394,09:56:21,9.83,0.0,6,5898,卖盘
395,09:56:30,9.83,0.0,3,2949,卖盘
396,09:56:36,9.83,0.0,1,983,卖盘
397,09:56:57,9.84,0.01,9,8852,买盘
398,09:57:00,9.83,-0.01,57,56031,卖盘
399,09:57:04,9.83,0.0,10,9830,卖盘
400,09:57:09,9.83,0.0,2,1966,卖盘
401,09:57:12,9.83,0.0,3,2949,卖盘
402,09:57:15,9.83,0.0,26,25558,卖盘
403,09:57:18,9.83,0.0,3,2949,卖盘
404,09:57:27,9.83,0.0,5,4915,卖盘
405,09:57:30,9.83,0.0,1,983,卖盘
406,09:57:33,9.83,0.0,15,14745,卖盘
407,09:57:36,9.83,0.0,1,983,卖盘
408,09:57:39,9.83,0.0,17,16712,卖盘
409,09:57:42,9.83,0.0,2,1966,卖盘
410,09:57:45,9.83,0.0,34,33422,卖盘
411,09:57:48,9.84,0.01,5,4916,买盘
412,09:57:51,9.83,-0.01,5,4915,卖盘
413,09:58:00,9.82,-0.01,3,2946,卖盘
414,09:58:04,9.82,0.0,48,47136,卖盘
415,09:58:06,9.82,0.0,4,3928,卖盘
416,09:58:21,9.84,0.02,83,81610,买盘
417,09:58:24,9.83,-0.01,5,4915,卖盘
418,09:58:27,9.83,0.0,1,983,卖盘
419,09:58:42,9.84,0.01,1,984,买盘
420,09:59:00,9.82,-0.02,24,23568,卖盘
421,09:59:03,9.83,0.01,21,20639,买盘
422,09:59:06,9.83,0.0,1,983,卖盘
423,09:59:09,9.83,0.0,9,8847,卖盘
424,09:59:15,9.83,0.0,24,23592,卖盘
425,09:59:21,9.83,0.0,2,1966,卖盘
426,09:59:27,9.84,0.01,78,76752,买盘
427,09:59:33,9.84,0.0,7,6888,卖盘
428,09:59:36,9.85,0.01,18,17730,买盘
429,09:59:42,9.85,0.0,1,985,买盘
430,09:59:51,9.84,-0.01,2,1968,卖盘
431,10:00:00,9.85,0.01,156,153660,买盘
432,10:00:09,9.85,0.0,6,5910,买盘
433,10:00:27,9.85,0.0,50,49250,买盘
434,10:00:33,9.85,0.0,71,69935,买盘
435,10:00:42,9.87,0.02,18,17766,买盘
436,10:00:54,9.88,0.01,1,988,买盘
437,10:00:57,9.88,0.0,20,19760,卖盘
438,10:01:01,9.88,0.0,40,39553,卖盘
439,10:01:04,9.88,0.0,4,3952,卖盘
440,10:01:09,9.87,-0.01,130,128531,卖盘
441,10:01:21,9.88,0.01,29,28674,买盘
442,10:01:24,9.9,0.02,49,48508,买盘
443,10:01:36,9.89,-0.01,3,2967,买盘
444,10:01:39,9.9,0.01,10,9900,买盘
445,10:01:42,9.89,-0.01,40,39593,卖盘
446,10:01:45,9.92,0.03,155,153512,买盘
447,10:01:48,9.9,-0.02,10,9900,中性盘
448,10:01:51,9.9,0.0,24,23760,卖盘
449,10:01:54,9.92,0.02,51,50588,买盘
450,10:01:57,9.9,-0.02,3,2970,卖盘
451,10:02:00,9.92,0.02,40,39680,买盘
452,10:02:04,9.92,0.0,25,24804,卖盘
453,10:02:07,9.93,0.01,56,55604,买盘
454,10:02:09,9.93,0.0,13,12909,卖盘
455,10:02:12,9.93,0.0,21,20853,卖盘
456,10:02:15,9.94,0.01,13,12918,买盘
457,10:02:21,9.95,0.01,33,32835,买盘
458,10:02:24,9.95,0.0,13,12935,买盘
459,10:02:27,9.96,0.01,80,79658,买盘
460,10:02:30,9.96,0.0,35,34853,买盘
461,10:02:33,9.96,0.0,27,26879,买盘
462,10:02:36,9.96,0.0,100,99564,买盘
463,10:02:39,9.96,0.0,72,71720,买盘
464,10:02:42,9.97,0.01,68,67790,买盘
465,10:02:45,9.97,0.0,11,10958,买盘
466,10:02:48,9.96,-0.01,20,19922,卖盘
467,10:02:51,9.96,0.0,49,48804,买盘
468,10:02:54,9.94,-0.02,3,2982,中性盘
469,10:02:57,9.95,0.01,5,4974,买盘
470,10:03:00,9.96,0.01,40,39836,买盘
471,10:03:03,9.96,0.0,16,15922,买盘
472,10:03:07,9.95,-0.01,99,98601,中性盘
473,10:03:09,9.96,0.01,12,11942,买盘
474,10:03:12,9.93,-0.03,49,48743,卖盘
475,10:03:18,9.95,0.02,23,22879,买盘
476,10:03:21,9.95,0.0,78,77609,买盘
477,10:03:24,9.95,0.0,7,6965,卖盘
478,10:03:27,9.96,0.01,5,4979,买盘
479,10:03:30,9.95,-0.01,36,35820,卖盘
480,10:03:33,9.95,0.0,75,74625,买盘
481,10:03:36,9.95,0.0,76,75663,卖盘
482,10:03:39,9.95,0.0,12,11940,买盘
483,10:03:42,9.95,0.0,57,56715,卖盘
484,10:03:48,9.95,0.0,11,10945,买盘
485,10:03:51,9.95,0.0,37,36814,买盘
486,10:03:54,9.95,0.0,13,12935,卖盘
487,10:03:57,9.95,0.0,2,1989,买盘
488,10:04:00,9.95,0.0,55,54721,买盘
489,10:04:03,9.95,0.0,90,89546,买盘
490,10:04:06,9.96,0.01,8,7962,买盘
491,10:04:09,9.95,-0.01,13,12935,卖盘
492,10:04:12,9.96,0.01,18,17914,买盘
493,10:04:15,9.96,0.0,56,55766,买盘
494,10:04:18,9.96,0.0,73,72703,买盘
495,10:04:21,9.96,0.0,14,13934,买盘
496,10:04:24,9.95,-0.01,54,53783,卖盘
497,10:04:27,9.96,0.01,67,66721,买盘
498,10:04:30,9.95,-0.01,3,2985,卖盘
499,10:04:33,9.95,0.0,132,131440,卖盘
500,10:04:36,9.94,-0.01,1,994,中性盘
501,10:04:39,9.94,0.0,22,21868,买盘
502,10:04:42,9.95,0.01,3,2985,买盘
503,10:04:48,9.96,0.01,51,50796,买盘
504,10:04:51,9.96,0.0,2,1992,买盘
505,10:04:54,9.93,-0.03,26,25824,卖盘
506,10:04:57,9.96,0.03,41,40820,买盘
507,10:05:00,9.95,-0.01,138,137444,中性盘
508,10:05:04,9.96,0.01,41,40782,买盘
509,10:05:06,9.97,0.01,17,16943,买盘
510,10:05:09,9.96,-0.01,13,12948,卖盘
511,10:05:12,9.96,0.0,3,2990,卖盘
512,10:05:15,9.96,0.0,25,24900,卖盘
513,10:05:18,9.97,0.01,60,59810,买盘
514,10:05:21,9.97,0.0,99,98695,买盘
515,10:05:24,9.96,-0.01,13,12948,卖盘
516,10:05:27,9.96,0.0,13,12948,卖盘
517,10:05:30,9.97,0.01,150,149498,买盘
518,10:05:33,9.98,0.01,61,60817,买盘
519,10:05:36,9.98,0.0,100,99783,买盘
520,10:05:39,9.98,0.0,90,89810,买盘
521,10:05:42,9.97,-0.01,5,4985,卖盘
522,10:05:45,9.98,0.01,9,8981,买盘
523,10:05:48,9.98,0.0,2,1996,买盘
524,10:05:51,9.98,0.0,3,2994,买盘
525,10:05:58,9.98,0.0,11,10977,买盘
526,10:06:00,9.98,0.0,44,43911,买盘
527,10:06:04,9.99,0.01,112,111882,买盘
528,10:06:06,10.03,0.04,467,466972,买盘
529,10:06:12,10.06,0.03,53,53228,买盘
530,10:06:15,10.06,0.0,3,3018,买盘
531,10:06:18,10.08,0.02,15,15116,买盘
532,10:06:21,10.05,-0.03,53,53351,卖盘
533,10:06:24,10.05,0.0,5,5023,买盘
534,10:06:30,10.02,-0.03,121,121487,卖盘
535,10:06:33,10.05,0.03,12,12042,买盘
536,10:06:36,10.0,-0.05,1,1000,卖盘
537,10:06:39,10.0,0.0,49,49000,卖盘
538,10:06:42,10.0,0.0,79,79000,买盘
539,10:06:45,9.98,-0.02,110,109800,卖盘
540,10:06:48,9.96,-0.02,37,36885,卖盘
541,10:06:54,9.96,0.0,6,5976,买盘
542,10:06:57,9.96,0.0,29,28884,买盘
543,10:07:04,9.96,0.0,3,2988,卖盘
544,10:07:06,9.96,0.0,11,10957,卖盘
545,10:07:10,9.96,0.0,107,106572,卖盘
546,10:07:18,9.95,-0.01,11,10945,买盘
547,10:07:24,9.95,0.0,2,1990,买盘
548,10:07:27,9.95,0.0,5,4975,卖盘
549,10:07:36,9.95,0.0,11,10938,买盘
550,10:07:39,9.95,0.0,16,15920,卖盘
551,10:07:42,9.95,0.0,4,3980,买盘
552,10:07:45,9.95,0.0,10,9950,买盘
553,10:07:57,9.95,0.0,5,4973,买盘
554,10:08:00,9.93,-0.02,6,5958,卖盘
555,10:08:04,9.95,0.02,29,28799,买盘
556,10:08:06,9.93,-0.02,36,35748,卖盘
557,10:08:12,9.93,0.0,5,4964,买盘
558,10:08:18,9.93,0.0,27,26811,买盘
559,10:08:27,9.93,0.0,4,3972,买盘
560,10:08:42,9.91,-0.02,44,43604,买盘
561,10:08:45,9.91,0.0,3,2973,卖盘
562,10:08:57,9.91,0.0,21,20810,买盘
563,10:09:00,9.91,0.0,2,1982,卖盘
564,10:09:09,9.9,-0.01,1,990,卖盘
565,10:09:12,9.9,0.0,3,2970,卖盘
566,10:09:15,9.91,0.01,11,10900,买盘
567,10:09:18,9.9,-0.01,1,990,卖盘
568,10:09:21,9.93,0.03,16,15849,买盘
569,10:09:24,9.95,0.02,106,105351,买盘
570,10:09:30,9.9,-0.05,1,990,卖盘
571,10:09:33,9.95,0.05,16,15885,买盘
572,10:09:36,9.93,-0.02,30,29781,买盘
573,10:09:39,9.9,-0.03,1,990,卖盘
574,10:09:42,9.93,0.03,3,2975,买盘
575,10:09:45,9.9,-0.03,18,17827,卖盘
576,10:09:48,9.9,0.0,1,990,卖盘
577,10:09:51,9.9,0.0,2,1980,卖盘
578,10:09:54,9.9,0.0,2,1980,卖盘
579,10:09:57,9.9,0.0,16,15840,卖盘
580,10:10:00,9.9,0.0,9,8910,卖盘
581,10:10:04,9.93,0.03,42,41691,买盘
582,10:10:07,9.93,0.0,15,14895,卖盘
583,10:10:15,9.93,0.0,2,1986,卖盘
584,10:10:18,9.93,0.0,6,5958,买盘
585,10:10:21,9.93,0.0,21,20853,卖盘
586,10:10:45,9.93,0.0,27,26811,买盘
587,10:10:48,9.93,0.0,29,28797,卖盘
588,10:10:57,9.93,0.0,3,2979,买盘
589,10:11:06,9.93,0.0,5,4965,卖盘
590,10:11:12,9.93,0.0,14,13902,卖盘
591,10:11:15,9.93,0.0,2,1986,买盘
592,10:11:18,9.93,0.0,1,993,卖盘
593,10:11:24,9.94,0.01,51,50646,买盘
594,10:11:27,9.94,0.0,6,5964,卖盘
595,10:11:30,9.92,-0.02,1,992,卖盘
596,10:11:33,9.92,0.0,1,992,卖盘
597,10:11:36,9.92,0.0,15,14880,卖盘
598,10:11:45,9.92,0.0,10,9920,买盘
599,10:12:21,9.93,0.01,40,39706,买盘
600,10:12:27,9.9,-0.03,52,51480,卖盘
601,10:12:30,9.9,0.0,3,2970,卖盘
602,10:12:33,9.9,0.0,29,28710,卖盘
603,10:12:36,9.9,0.0,1,990,卖盘
604,10:12:39,9.93,0.03,2,1986,买盘
605,10:13:06,9.9,-0.03,2,1980,卖盘
606,10:13:12,9.9,0.0,9,8915,卖盘
607,10:13:18,9.9,0.0,1,990,卖盘
608,10:13:36,9.91,0.01,3,2973,卖盘
609,10:13:39,9.9,-0.01,43,42571,卖盘
610,10:13:42,9.89,-0.01,43,42555,卖盘
611,10:13:45,9.89,0.0,50,49450,卖盘
612,10:13:57,9.89,0.0,47,46483,卖盘
613,10:14:04,9.89,0.0,18,17802,卖盘
614,10:14:06,9.9,0.01,2,1980,买盘
615,10:14:21,9.9,0.0,61,60373,买盘
616,10:14:24,9.9,0.0,22,21780,买盘
617,10:14:30,9.9,0.0,22,21780,买盘
618,10:14:33,9.9,0.0,55,54450,买盘
619,10:14:42,9.89,-0.01,2,1978,卖盘
620,10:14:48,9.89,0.0,25,24725,卖盘
621,10:14:51,9.89,0.0,12,11868,卖盘
622,10:14:54,9.89,0.0,5,4945,卖盘
623,10:15:00,9.89,0.0,13,12857,卖盘
624,10:15:04,9.89,0.0,4,3956,卖盘
625,10:15:06,9.89,0.0,1,989,卖盘
626,10:15:09,9.89,0.0,1,989,卖盘
627,10:15:21,9.9,0.01,196,194040,买盘
628,10:15:24,9.9,0.0,14,13860,卖盘
629,10:15:27,9.9,0.0,1,990,卖盘
630,10:15:30,9.9,0.0,2,1980,卖盘
631,10:15:36,9.89,-0.01,20,19797,卖盘
632,10:15:39,9.91,0.02,1,991,中性盘
633,10:15:54,9.89,-0.02,6,5934,卖盘
634,10:16:04,9.89,0.0,5,4945,卖盘
635,10:16:06,9.89,0.0,4,3956,卖盘
636,10:16:21,9.93,0.04,44,43633,买盘
637,10:16:30,9.93,0.0,22,21844,买盘
638,10:16:42,9.9,-0.03,3,2970,卖盘
639,10:16:51,9.91,0.01,12,11892,卖盘
640,10:16:54,9.91,0.0,23,22793,卖盘
641,10:16:57,9.91,0.0,12,11892,卖盘
642,10:17:00,9.9,-0.01,1,990,卖盘
643,10:17:04,9.9,0.0,26,25740,卖盘
644,10:17:06,9.9,0.0,18,17820,卖盘
645,10:17:09,9.9,0.0,7,6930,卖盘
646,10:17:21,9.9,0.0,5,4950,买盘
647,10:17:33,9.92,0.02,50,49600,买盘
648,10:17:42,9.9,-0.02,2,1980,卖盘
649,10:17:54,9.9,0.0,5,4950,卖盘
650,10:17:57,9.92,0.02,50,49595,买盘
651,10:18:00,9.9,-0.02,4,3960,卖盘
652,10:18:06,9.9,0.0,1,990,卖盘
653,10:18:15,9.92,0.02,50,49589,买盘
654,10:18:18,9.93,0.01,50,49622,买盘
655,10:18:30,9.93,0.0,79,78446,买盘
656,10:18:33,9.93,0.0,54,53696,卖盘
657,10:18:36,9.93,0.0,171,170161,卖盘
658,10:18:39,9.95,0.02,80,79672,中性盘
659,10:18:42,9.95,0.0,4,3979,买盘
660,10:18:45,9.97,0.02,117,116624,买盘
661,10:18:48,9.99,0.02,133,132746,买盘
662,10:18:51,10.0,0.01,65,64988,买盘
663,10:18:54,10.01,0.01,20,19998,买盘
664,10:18:57,10.02,0.01,42,42083,买盘
665,10:19:00,10.01,-0.01,2,2002,卖盘
666,10:19:04,10.0,-0.01,1,1000,卖盘
667,10:19:07,10.0,0.0,100,100000,卖盘
668,10:19:09,10.02,0.02,129,129163,买盘
669,10:19:12,10.02,0.0,28,28056,卖盘
670,10:19:15,10.02,0.0,35,35070,卖盘
671,10:19:18,10.0,-0.02,2,2000,卖盘
672,10:19:21,10.02,0.02,156,156104,买盘
673,10:19:27,10.0,-0.02,111,110857,买盘
674,10:19:30,10.0,0.0,137,136651,买盘
675,10:19:33,10.0,0.0,140,139842,买盘
676,10:19:36,10.0,0.0,114,113926,买盘
677,10:19:39,10.0,0.0,101,100984,买盘
678,10:19:42,9.99,-0.01,321,320266,买盘
679,10:19:45,9.97,-0.02,31,30907,卖盘
680,10:19:51,9.99,0.02,101,100829,买盘
681,10:19:54,9.96,-0.03,6,5976,中性盘
682,10:19:57,10.0,0.04,101,100904,买盘
683,10:20:00,9.97,-0.03,5,4985,卖盘
684,10:20:12,9.97,0.0,15,14955,买盘
685,10:20:15,10.0,0.03,111,110934,买盘
686,10:20:18,9.97,-0.03,2,1994,卖盘
687,10:20:24,9.99,0.02,4,3993,买盘
688,10:20:27,10.0,0.01,101,100950,买盘
689,10:20:36,10.02,0.02,501,501252,买盘
690,10:20:42,9.99,-0.03,3,2997,买盘
691,10:20:45,9.99,0.0,33,32967,买盘
692,10:20:48,10.03,0.04,263,262907,买盘
693,10:20:51,10.03,0.0,6,6018,卖盘
694,10:20:54,10.03,0.0,9,9027,卖盘
695,10:20:57,10.04,0.01,4,4016,买盘
696,10:21:00,10.04,0.0,58,58232,买盘
697,10:21:04,10.05,0.01,519,521508,买盘
698,10:21:06,10.06,0.01,129,129709,买盘
699,10:21:09,10.06,0.0,8,8048,卖盘
700,10:21:12,10.07,0.01,8,8051,买盘
701,10:21:15,10.1,0.03,427,430888,买盘
702,10:21:18,10.08,-0.02,81,81798,卖盘
703,10:21:21,10.07,-0.01,44,44342,卖盘
704,10:21:24,10.06,-0.01,92,92609,卖盘
705,10:21:27,10.04,-0.02,1,1004,卖盘
706,10:21:30,10.15,0.11,538,543879,买盘
707,10:21:33,10.04,-0.11,10,10040,中性盘
708,10:21:36,10.06,0.02,41,41246,买盘
709,10:21:39,10.07,0.01,1,1007,卖盘
710,10:21:42,10.07,0.0,24,24184,卖盘
711,10:21:45,10.06,-0.01,121,121958,卖盘
712,10:21:48,10.07,0.01,27,27167,买盘
713,10:21:51,10.06,-0.01,7,7042,卖盘
714,10:21:54,10.07,0.01,26,26164,买盘
715,10:22:06,10.05,-0.02,207,207830,买盘
716,10:22:09,10.04,-0.01,17,17059,卖盘
717,10:22:12,10.03,-0.01,26,26104,卖盘
718,10:22:15,10.03,0.0,24,24083,卖盘
719,10:22:18,10.03,0.0,181,181543,卖盘
720,10:22:21,10.03,0.0,29,29588,卖盘
721,10:22:24,10.04,0.01,145,145274,买盘
722,10:22:36,10.02,-0.02,13,13011,买盘
723,10:22:42,10.03,0.01,50,50138,买盘
724,10:23:00,10.0,-0.03,4,4000,买盘
725,10:23:06,9.99,-0.01,4,3996,买盘
726,10:23:09,10.02,0.03,2,2002,买盘
727,10:23:45,10.01,-0.01,27,27010,买盘
728,10:23:54,10.0,-0.01,9,9000,卖盘
729,10:23:57,10.02,0.02,96,96126,买盘
730,10:24:01,10.01,-0.01,5,5005,买盘
731,10:24:09,10.01,0.0,26,26026,卖盘
732,10:24:18,10.0,-0.01,5,5000,卖盘
733,10:24:21,10.0,0.0,3,3000,卖盘
734,10:24:30,10.0,0.0,1,1000,卖盘
735,10:24:36,10.01,0.01,3,3002,买盘
736,10:24:42,10.0,-0.01,1,1000,卖盘
737,10:24:45,10.0,0.0,37,37000,卖盘
738,10:24:48,10.0,0.0,6,5996,买盘
739,10:24:51,9.99,-0.01,4,3996,卖盘
740,10:24:54,9.99,0.0,12,11988,卖盘
741,10:25:00,9.99,0.0,16,15984,卖盘
742,10:25:04,9.99,0.0,26,25974,卖盘
743,10:25:06,9.98,-0.01,56,55888,卖盘
744,10:25:09,9.97,-0.01,17,16949,卖盘
745,10:25:12,9.97,0.0,11,10967,卖盘
746,10:25:16,9.97,0.0,21,20937,卖盘
747,10:25:18,9.97,0.0,6,5982,卖盘
748,10:25:21,9.97,0.0,3,2991,卖盘
749,10:25:24,9.96,-0.01,88,87648,卖盘
750,10:25:27,9.96,0.0,43,42828,卖盘
751,10:25:30,9.95,-0.01,24,23880,卖盘
752,10:25:33,9.95,0.0,27,26865,卖盘
753,10:25:36,9.95,0.0,60,59700,卖盘
754,10:25:39,9.95,0.0,28,27860,卖盘
755,10:25:42,9.94,-0.01,55,54670,卖盘
756,10:25:45,9.93,-0.01,62,61566,卖盘
757,10:25:57,9.92,-0.01,7,6946,卖盘
758,10:26:04,9.96,0.04,105,104253,买盘
759,10:26:06,9.96,0.0,27,26892,卖盘
760,10:26:18,9.97,0.01,4,3983,买盘
761,10:26:45,9.97,0.0,49,48853,买盘
762,10:26:57,9.98,0.01,30,29940,买盘
763,10:27:04,9.99,0.01,120,119803,买盘
764,10:27:09,9.99,0.0,20,19978,买盘
765,10:27:21,10.01,0.02,100,99928,买盘
766,10:27:27,9.96,-0.05,1,996,卖盘
767,10:27:36,9.96,0.0,1,996,卖盘
768,10:28:00,10.0,0.04,25,24990,买盘
769,10:28:04,10.0,0.0,6,6000,卖盘
770,10:28:15,10.01,0.01,29,29025,买盘
771,10:28:21,10.01,0.0,4,4004,买盘
772,10:28:33,10.01,0.0,49,49008,买盘
773,10:28:36,10.0,-0.01,3,3000,卖盘
774,10:28:39,10.02,0.02,33,33037,买盘
775,10:28:42,10.01,-0.01,1,1001,卖盘
776,10:28:45,10.0,-0.01,45,45000,卖盘
777,10:28:48,10.01,0.01,34,34005,买盘
778,10:28:51,10.0,-0.01,13,13000,卖盘
779,10:28:54,10.01,0.01,20,20010,买盘
780,10:28:57,10.0,-0.01,1,1000,卖盘
781,10:29:04,10.0,0.0,5,5000,卖盘
782,10:29:06,10.01,0.01,28,28028,买盘
783,10:29:10,10.0,-0.01,2,2000,卖盘
784,10:29:12,10.01,0.01,13,13013,买盘
785,10:29:15,10.01,0.0,33,33065,卖盘
786,10:29:18,10.02,0.01,28,28056,买盘
787,10:29:21,10.02,0.0,15,15030,买盘
788,10:29:24,10.02,0.0,8,8016,买盘
789,10:29:27,10.02,0.0,7,7014,买盘
790,10:29:30,10.05,0.03,50,50188,买盘
791,10:29:33,10.03,-0.02,10,10030,中性盘
792,10:29:36,10.03,0.0,1,1003,卖盘
793,10:29:45,10.04,0.01,15,15060,买盘
794,10:29:57,10.04,0.0,8,8032,买盘
795,10:30:04,10.04,0.0,35,35140,买盘
796,10:30:06,10.04,0.0,139,139586,卖盘
797,10:30:09,10.04,0.0,61,61294,卖盘
798,10:30:12,10.05,0.01,8,8036,买盘
799,10:30:15,10.04,-0.01,1,1004,卖盘
800,10:30:18,10.05,0.01,74,73868,买盘
801,10:30:21,10.06,0.01,54,54320,买盘
802,10:30:24,10.07,0.01,306,307856,买盘
803,10:30:27,10.06,-0.01,59,59335,买盘
804,10:30:33,10.05,-0.01,2,2010,卖盘
805,10:30:42,10.05,0.0,30,30150,卖盘
806,10:30:45,10.05,0.0,98,98670,卖盘
807,10:30:48,10.05,0.0,17,17094,卖盘
808,10:30:51,10.05,0.0,21,21105,卖盘
809,10:30:54,10.05,0.0,6,6030,卖盘
810,10:30:57,10.06,0.01,41,41246,买盘
811,10:31:00,10.06,0.0,5,5030,卖盘
812,10:31:04,10.06,0.0,40,40240,卖盘
813,10:31:06,10.06,0.0,303,304930,卖盘
814,10:31:09,10.06,0.0,43,43258,卖盘
815,10:31:12,10.06,0.0,66,66396,卖盘
816,10:31:15,10.06,0.0,6,6036,卖盘
817,10:31:18,10.06,0.0,20,20120,卖盘
818,10:31:21,10.06,0.0,56,56336,卖盘
819,10:31:24,10.05,-0.01,243,244228,卖盘
820,10:31:27,10.04,-0.01,85,85898,卖盘
821,10:31:30,10.03,-0.01,117,117423,卖盘
822,10:31:33,10.03,0.0,53,53159,卖盘
823,10:31:37,10.03,0.0,169,169530,卖盘
824,10:31:39,10.03,0.0,195,195585,卖盘
825,10:31:42,10.02,-0.01,12,12024,卖盘
826,10:31:45,10.02,0.0,16,16044,卖盘
827,10:31:48,10.02,0.0,19,19038,卖盘
828,10:31:51,10.02,0.0,87,87251,卖盘
829,10:31:54,10.02,0.0,4,4008,卖盘
830,10:32:04,10.02,0.0,25,25050,卖盘
831,10:32:12,10.02,0.0,11,11022,买盘
832,10:32:21,10.02,0.0,61,61122,买盘
833,10:32:24,10.03,0.01,119,119253,买盘
834,10:32:27,10.03,0.0,53,53154,买盘
835,10:32:36,10.02,-0.01,1,1002,卖盘
836,10:32:39,10.02,0.0,36,36072,卖盘
837,10:32:42,10.03,0.01,44,44132,买盘
838,10:32:48,10.02,-0.01,2,2004,卖盘
839,10:32:51,10.02,0.0,5,5010,卖盘
840,10:32:54,10.03,0.01,14,14042,买盘
841,10:32:57,10.03,0.0,56,56168,买盘
842,10:33:00,10.02,-0.01,50,50100,卖盘
843,10:33:04,10.03,0.01,106,106296,买盘
844,10:33:06,10.03,0.0,30,30090,买盘
845,10:33:09,10.02,-0.01,100,100200,卖盘
846,10:33:13,10.02,0.0,7,7014,卖盘
847,10:33:27,10.03,0.01,20,20060,买盘
848,10:33:33,10.04,0.01,115,115187,买盘
849,10:33:36,10.03,-0.01,18,18052,买盘
850,10:33:39,10.02,-0.01,11,11022,卖盘
851,10:33:42,10.02,0.0,2,2004,卖盘
852,10:33:45,10.03,0.01,1,1003,买盘
853,10:33:48,10.02,-0.01,12,12024,卖盘
854,10:33:51,10.03,0.01,16,16046,买盘
855,10:33:57,10.02,-0.01,57,57114,卖盘
856,10:34:00,10.02,0.0,6,6012,卖盘
857,10:34:04,10.03,0.01,69,69200,买盘
858,10:34:18,10.02,-0.01,101,101202,卖盘
859,10:34:24,10.01,-0.01,48,48048,卖盘
860,10:34:27,10.02,0.01,10,10020,买盘
861,10:34:30,10.01,-0.01,40,40040,卖盘
862,10:34:33,10.01,0.0,13,13013,卖盘
863,10:34:36,10.01,0.0,1,1001,卖盘
864,10:34:39,10.01,0.0,3,3003,卖盘
865,10:34:42,10.01,0.0,10,10010,卖盘
866,10:34:45,10.01,0.0,53,53053,卖盘
867,10:34:48,10.01,0.0,2,2002,卖盘
868,10:35:00,10.02,0.01,53,53106,买盘
869,10:35:04,10.01,-0.01,4,4004,卖盘
870,10:35:06,10.01,0.0,20,20020,卖盘
871,10:35:09,10.01,0.0,2,2002,卖盘
872,10:35:12,10.02,0.01,74,74075,买盘
873,10:35:15,10.0,-0.02,77,77036,卖盘
874,10:35:18,10.0,0.0,4,4000,卖盘
875,10:35:36,10.0,0.0,1,1000,卖盘
876,10:35:39,10.0,0.0,5,5000,卖盘
877,10:35:42,10.0,0.0,1,1000,卖盘
878,10:35:45,10.0,0.0,19,19000,卖盘
879,10:35:48,10.0,0.0,12,12000,卖盘
880,10:35:51,10.0,0.0,1,1000,卖盘
881,10:35:54,10.0,0.0,231,231000,卖盘
882,10:35:57,9.98,-0.02,11,10978,卖盘
883,10:36:15,9.97,-0.01,87,86739,卖盘
884,10:36:21,9.97,0.0,2,1994,买盘
885,10:36:30,9.97,0.0,16,15952,买盘
886,10:36:33,9.97,0.0,86,85742,买盘
887,10:36:36,9.97,0.0,188,187436,买盘
888,10:36:39,9.97,0.0,39,38883,买盘
889,10:36:42,9.97,0.0,20,19940,买盘
890,10:36:45,9.96,-0.01,15,14942,卖盘
891,10:36:48,9.96,0.0,4,3984,卖盘
892,10:36:55,9.96,0.0,15,14940,卖盘
893,10:36:57,9.97,0.01,31,30907,买盘
894,10:37:00,9.98,0.01,3,2994,买盘
895,10:37:12,9.99,0.01,9,8987,买盘
896,10:37:18,9.99,0.0,1,999,卖盘
897,10:37:21,9.99,0.0,1,999,卖盘
898,10:37:24,9.99,0.0,19,18981,卖盘
899,10:37:54,9.99,0.0,4,3996,买盘
900,10:38:00,9.99,0.0,1,999,卖盘
901,10:38:03,9.99,0.0,4,3996,卖盘
902,10:38:12,9.99,0.0,33,32967,卖盘
903,10:38:48,9.99,0.0,10,9990,买盘
904,10:38:51,9.99,0.0,1,999,买盘
905,10:38:57,9.99,0.0,6,5993,买盘
906,10:39:04,9.98,-0.01,1,998,卖盘
907,10:39:12,9.98,0.0,5,4990,卖盘
908,10:39:18,10.0,0.02,235,234988,买盘
909,10:39:21,10.0,0.0,65,65000,卖盘
910,10:39:30,9.99,-0.01,11,10989,买盘
911,10:39:33,9.99,0.0,30,29970,买盘
912,10:39:36,10.0,0.01,15,15000,买盘
913,10:39:42,10.0,0.0,8,8000,卖盘
914,10:39:48,10.01,0.01,7,7007,买盘
915,10:39:51,10.0,-0.01,1,1000,卖盘
916,10:39:54,10.01,0.01,50,50050,买盘
917,10:39:57,10.0,-0.01,97,97095,卖盘
918,10:40:00,10.01,0.01,24,23524,买盘
919,10:40:03,10.02,0.01,56,56106,买盘
920,10:40:09,10.02,0.0,50,50100,买盘
921,10:40:12,10.02,0.0,122,122242,买盘
922,10:40:15,10.03,0.01,19,19057,买盘
923,10:40:27,10.0,-0.03,70,70130,卖盘
924,10:40:45,10.05,0.05,291,292243,买盘
925,10:40:48,10.05,0.0,68,68340,卖盘
926,10:40:51,10.05,0.0,76,76380,卖盘
927,10:40:54,10.05,0.0,8,8040,买盘
928,10:41:03,10.02,-0.03,62,62124,卖盘
929,10:41:06,10.02,0.0,2,2004,卖盘
930,10:41:12,10.03,0.01,3,3009,中性盘
931,10:41:21,10.04,0.01,9,9035,买盘
932,10:41:24,10.03,-0.01,97,97356,卖盘
933,10:41:27,10.03,0.0,20,20068,卖盘
934,10:41:57,10.03,0.0,8,8024,卖盘
935,10:42:00,10.03,0.0,11,11033,卖盘
936,10:42:04,10.03,0.0,18,18054,卖盘
937,10:42:06,10.03,0.0,11,11033,卖盘
938,10:42:09,10.03,0.0,4,4012,卖盘
939,10:42:21,10.03,0.0,1,1003,卖盘
940,10:42:24,10.03,0.0,10,10030,卖盘
941,10:42:27,10.03,0.0,21,21063,卖盘
942,10:42:30,10.03,0.0,1,1003,卖盘
943,10:42:33,10.03,0.0,1,1003,卖盘
944,10:42:48,10.03,0.0,5,5015,卖盘
945,10:42:54,10.04,0.01,11,11043,买盘
946,10:43:06,10.03,-0.01,1,1003,卖盘
947,10:43:12,10.03,0.0,4,4012,卖盘
948,10:43:15,10.05,0.02,73,73357,买盘
949,10:43:18,10.04,-0.01,3,3012,卖盘
950,10:43:21,10.04,0.0,4,4016,买盘
951,10:43:24,10.04,0.0,5,5020,卖盘
952,10:43:30,10.03,-0.01,10,10030,卖盘
953,10:43:42,10.03,0.0,13,13039,卖盘
954,10:43:48,10.04,0.01,7,7028,买盘
955,10:44:00,10.04,0.0,1,1004,买盘
956,10:44:21,10.03,-0.01,49,49147,卖盘
957,10:44:27,10.03,0.0,2,2006,卖盘
958,10:44:30,10.03,0.0,14,14052,卖盘
959,10:44:42,10.03,0.0,15,15045,卖盘
960,10:44:48,10.03,0.0,52,52156,卖盘
961,10:44:51,10.03,0.0,2,2006,卖盘
962,10:45:00,10.03,0.0,39,39117,卖盘
963,10:45:15,10.02,-0.01,3,3006,卖盘
964,10:45:21,10.02,0.0,18,18036,卖盘
965,10:45:45,10.02,0.0,3,3006,卖盘
966,10:45:48,10.02,0.0,5,5010,卖盘
967,10:46:00,10.02,0.0,15,15030,卖盘
968,10:46:04,10.02,0.0,4,4008,卖盘
969,10:46:06,10.02,0.0,11,11022,卖盘
970,10:46:09,10.02,0.0,4,4008,卖盘
971,10:46:15,10.02,0.0,89,89178,卖盘
972,10:46:18,10.02,0.0,3,3006,卖盘
973,10:46:21,10.02,0.0,18,18036,卖盘
974,10:46:24,10.02,0.0,6,6012,卖盘
975,10:46:27,10.02,0.0,15,15030,卖盘
976,10:46:30,10.02,0.0,1,1002,卖盘
977,10:46:33,10.02,0.0,40,40080,卖盘
978,10:46:36,10.02,0.0,1,1002,卖盘
979,10:46:57,10.02,0.0,6,6012,卖盘
980,10:47:04,10.03,0.01,92,92271,买盘
981,10:47:06,10.03,0.0,3,3009,卖盘
982,10:47:24,10.03,0.0,5,5015,卖盘
983,10:47:27,10.03,0.0,2,2006,卖盘
984,10:47:48,10.03,0.0,10,10030,卖盘
985,10:48:04,10.03,0.0,18,18054,卖盘
986,10:48:06,10.03,0.0,1,1003,卖盘
987,10:48:12,10.03,0.0,3,3009,卖盘
988,10:48:15,10.03,0.0,1,1003,卖盘
989,10:48:30,10.03,0.0,20,20060,卖盘
990,10:48:33,10.03,0.0,12,12036,卖盘
991,10:48:48,10.04,0.01,120,120480,买盘
992,10:48:51,10.04,0.0,5,5020,卖盘
993,10:48:54,10.04,0.0,3,3012,卖盘
994,10:48:57,10.04,0.0,8,8032,买盘
995,10:49:00,10.04,0.0,1,1004,卖盘
996,10:49:04,10.04,0.0,4,4016,卖盘
997,10:49:09,10.05,0.01,148,148740,买盘
998,10:49:12,10.05,0.0,20,20100,卖盘
999,10:49:15,10.07,0.02,504,507222,买盘
1000,10:49:18,10.08,0.01,163,164152,买盘
1001,10:49:22,10.05,-0.03,8,8040,卖盘
1002,10:49:30,10.05,0.0,10,10050,卖盘
1003,10:49:36,10.05,0.0,64,64320,卖盘
1004,10:50:00,10.05,0.0,52,52255,买盘
1005,10:50:04,10.05,0.0,31,31154,买盘
1006,10:50:06,10.04,-0.01,3,3012,卖盘
1007,10:50:12,10.04,0.0,4,4016,卖盘
1008,10:50:18,10.04,0.0,11,11044,卖盘
1009,10:50:24,10.05,0.01,2,2010,买盘
1010,10:50:36,10.05,0.0,12,12060,买盘
1011,10:51:04,10.04,-0.01,22,22088,卖盘
1012,10:51:09,10.04,0.0,1,1004,卖盘
1013,10:51:12,10.04,0.0,5,5020,卖盘
1014,10:51:15,10.04,0.0,20,20080,卖盘
1015,10:51:21,10.04,0.0,100,100400,卖盘
1016,10:51:24,10.04,0.0,30,30120,卖盘
1017,10:51:27,10.04,0.0,1,1004,买盘
1018,10:51:42,10.04,0.0,11,11044,买盘
1019,10:51:45,10.04,0.0,18,18072,买盘
1020,10:52:04,10.04,0.0,4,4016,卖盘
1021,10:52:06,10.05,0.01,20,20100,买盘
1022,10:52:09,10.04,-0.01,51,51204,卖盘
1023,10:52:12,10.03,-0.01,30,30090,卖盘
1024,10:52:15,10.03,0.0,6,6018,卖盘
1025,10:52:18,10.04,0.01,21,21084,买盘
1026,10:52:21,10.07,0.03,98,98561,买盘
1027,10:52:24,10.07,0.0,40,40280,卖盘
1028,10:52:27,10.07,0.0,1,1007,卖盘
1029,10:52:33,10.09,0.02,198,199645,买盘
1030,10:52:36,10.09,0.0,2,2018,卖盘
1031,10:52:42,10.08,-0.01,7,7056,买盘
1032,10:52:45,10.08,0.0,10,10080,买盘
1033,10:52:51,10.1,0.02,200,201884,买盘
1034,10:52:57,10.05,-0.05,64,64343,卖盘
1035,10:53:00,10.08,0.03,36,36285,买盘
1036,10:53:04,10.09,0.01,134,135157,买盘
1037,10:53:06,10.09,0.0,5,5045,卖盘
1038,10:53:09,10.1,0.01,65,65589,买盘
1039,10:53:12,10.08,-0.02,6,6048,中性盘
1040,10:53:15,10.1,0.02,116,117128,买盘
1041,10:53:18,10.09,-0.01,47,47416,买盘
1042,10:53:21,10.09,0.0,2,2018,卖盘
1043,10:53:24,10.1,0.01,9,9090,买盘
1044,10:53:27,10.1,0.0,106,107000,买盘
1045,10:53:30,10.1,0.0,10,10095,买盘
1046,10:53:36,10.1,0.0,12,12118,买盘
1047,10:53:42,10.13,0.03,201,203177,买盘
1048,10:53:45,10.1,-0.03,10,10100,中性盘
1049,10:53:51,10.1,0.0,5,5050,买盘
1050,10:53:54,10.1,0.0,1,1010,卖盘
1051,10:53:57,10.12,0.02,81,81952,买盘
1052,10:54:00,10.12,0.0,30,30360,卖盘
1053,10:54:04,10.12,0.0,89,90068,卖盘
1054,10:54:06,10.1,-0.02,4,4040,卖盘
1055,10:54:09,10.13,0.03,137,138715,买盘
1056,10:54:12,10.1,-0.03,5,5050,卖盘
1057,10:54:27,10.11,0.01,5,5055,卖盘
1058,10:54:30,10.11,0.0,52,52572,卖盘
1059,10:54:33,10.11,0.0,29,29319,卖盘
1060,10:54:36,10.1,-0.01,8,8080,卖盘
1061,10:54:39,10.11,0.01,100,101100,买盘
1062,10:54:42,10.1,-0.01,4,4040,卖盘
1063,10:54:45,10.1,0.0,21,21210,卖盘
1064,10:54:48,10.1,0.0,2,2020,卖盘
1065,10:54:57,10.11,0.01,22,22222,买盘
1066,10:55:15,10.1,-0.01,8,8080,买盘
1067,10:55:18,10.1,0.0,23,23219,买盘
1068,10:55:33,10.08,-0.02,4,4032,买盘
1069,10:55:39,10.08,0.0,1,1008,卖盘
1070,10:55:51,10.08,0.0,3,3024,卖盘
1071,10:55:54,10.08,0.0,1,1008,卖盘
1072,10:55:57,10.08,0.0,1,1008,卖盘
1073,10:56:00,10.08,0.0,1,1008,卖盘
1074,10:56:04,10.07,-0.01,10,10075,卖盘
1075,10:56:09,10.07,0.0,1,1007,卖盘
1076,10:56:12,10.07,0.0,2,2014,卖盘
1077,10:56:18,10.07,0.0,30,30210,卖盘
1078,10:56:21,10.07,0.0,11,11077,买盘
1079,10:56:24,10.07,0.0,20,20140,买盘
1080,10:56:27,10.07,0.0,4,4028,买盘
1081,10:56:33,10.09,0.02,15,15121,买盘
1082,10:56:36,10.09,0.0,1,1009,卖盘
1083,10:56:51,10.1,0.01,1,1010,买盘
1084,10:56:54,10.1,0.0,10,10100,买盘
1085,10:56:57,10.1,0.0,2,2020,买盘
1086,10:57:12,10.1,0.0,57,57570,买盘
1087,10:57:15,10.07,-0.03,1,1007,卖盘
1088,10:57:18,10.12,0.05,153,154754,买盘
1089,10:57:24,10.09,-0.03,10,10090,买盘
1090,10:57:33,10.12,0.03,1,1012,买盘
1091,10:57:54,10.09,-0.03,1,1009,卖盘
1092,10:58:00,10.11,0.02,19,19209,买盘
1093,10:58:15,10.1,-0.01,26,26260,买盘
1094,10:58:24,10.1,0.0,18,18180,买盘
1095,10:58:27,10.1,0.0,21,21210,卖盘
1096,10:58:30,10.1,0.0,1,1010,卖盘
1097,10:58:36,10.1,0.0,55,55550,卖盘
1098,10:58:39,10.1,0.0,1,1010,卖盘
1099,10:58:42,10.11,0.01,124,125273,买盘
1100,10:58:54,10.1,-0.01,1,1010,买盘
1101,10:58:57,10.09,-0.01,1,1009,卖盘
1102,10:59:04,10.09,0.0,19,19171,卖盘
1103,10:59:06,10.09,0.0,12,12108,卖盘
1104,10:59:09,10.09,0.0,4,4036,卖盘
1105,10:59:30,10.12,0.03,150,151607,买盘
1106,10:59:39,10.09,-0.03,10,10090,卖盘
1107,10:59:51,10.11,0.02,3,3033,买盘
1108,11:00:21,10.11,0.0,67,67726,买盘
1109,11:00:24,10.12,0.01,23,23273,买盘
1110,11:00:33,10.12,0.0,62,62744,买盘
1111,11:00:36,10.12,0.0,17,17710,买盘
1112,11:00:39,10.13,0.01,195,197535,买盘
1113,11:00:42,10.13,0.0,15,15195,买盘
1114,11:00:45,10.14,0.01,18,18252,买盘
1115,11:00:51,10.13,-0.01,47,47611,卖盘
1116,11:00:54,10.13,0.0,3,3039,买盘
1117,11:00:57,10.15,0.02,21,21313,买盘
1118,11:01:00,10.13,-0.02,19,19247,卖盘
1119,11:01:04,10.13,0.0,6,6078,买盘
1120,11:01:09,10.15,0.02,200,202950,买盘
1121,11:01:12,10.13,-0.02,4,4052,卖盘
1122,11:01:15,10.13,0.0,1,1013,卖盘
1123,11:01:36,10.13,0.0,135,136755,卖盘
1124,11:01:39,10.12,-0.01,53,53130,卖盘
1125,11:01:42,10.11,-0.01,2,2022,卖盘
1126,11:01:45,10.11,0.0,1,1011,卖盘
1127,11:02:00,10.12,0.01,5,5057,买盘
1128,11:02:04,10.12,0.0,203,205340,买盘
1129,11:02:12,10.11,-0.01,4,4044,中性盘
1130,11:02:15,10.12,0.01,8,8096,买盘
1131,11:02:21,10.11,-0.01,4,4044,卖盘
1132,11:02:36,10.14,0.03,345,349964,买盘
1133,11:02:39,10.13,-0.01,13,12662,卖盘
1134,11:02:48,10.12,-0.01,12,12144,买盘
1135,11:02:54,10.12,0.0,124,125486,买盘
1136,11:02:57,10.12,0.0,4,4554,买盘
1137,11:03:00,10.12,0.0,138,139840,买盘
1138,11:03:04,10.12,0.0,1,1012,卖盘
1139,11:03:09,10.15,0.03,284,288071,买盘
1140,11:03:12,10.15,0.0,4,4060,卖盘
1141,11:03:15,10.15,0.0,11,11165,卖盘
1142,11:03:18,10.15,0.0,44,44660,卖盘
1143,11:03:21,10.15,0.0,25,25375,卖盘
1144,11:03:24,10.13,-0.02,2,2026,卖盘
1145,11:03:33,10.15,0.02,20,20300,买盘
1146,11:03:39,10.15,0.0,53,53795,买盘
1147,11:03:42,10.14,-0.01,1,1014,卖盘
1148,11:03:51,10.15,0.01,11,11164,买盘
1149,11:03:54,10.15,0.0,6,6090,买盘
1150,11:03:57,10.14,-0.01,1,1014,卖盘
1151,11:04:04,10.14,0.0,3,3042,卖盘
1152,11:04:06,10.16,0.02,328,333139,买盘
1153,11:04:09,10.17,0.01,83,84306,买盘
1154,11:04:12,10.16,-0.01,6,6076,中性盘
1155,11:04:18,10.16,0.0,1,1016,卖盘
1156,11:04:21,10.16,0.0,2,2032,卖盘
1157,11:04:24,10.16,0.0,3,3048,卖盘
1158,11:04:27,10.17,0.01,59,60003,买盘
1159,11:04:30,10.2,0.03,484,493371,买盘
1160,11:04:33,10.2,0.0,197,200874,买盘
1161,11:04:36,10.22,0.02,21,21450,买盘
1162,11:04:39,10.22,0.0,176,179724,买盘
1163,11:04:42,10.22,0.0,12,12264,卖盘
1164,11:04:45,10.2,-0.02,4,4080,卖盘
1165,11:04:48,10.2,0.0,42,42840,卖盘
1166,11:04:51,10.2,0.0,11,11218,买盘
1167,11:05:00,10.2,0.0,90,91798,买盘
1168,11:05:06,10.17,-0.03,63,64071,卖盘
1169,11:05:09,10.17,0.0,236,240022,卖盘
1170,11:05:12,10.18,0.01,145,147534,买盘
1171,11:05:15,10.16,-0.02,4,4064,卖盘
1172,11:05:18,10.16,0.0,20,20320,卖盘
1173,11:05:21,10.19,0.03,288,293153,买盘
1174,11:05:24,10.19,0.0,67,68273,卖盘
1175,11:05:27,10.16,-0.03,10,10160,卖盘
1176,11:05:30,10.16,0.0,188,191008,买盘
1177,11:05:33,10.16,0.0,1,1016,买盘
1178,11:05:39,10.15,-0.01,25,25375,卖盘
1179,11:05:42,10.15,0.0,25,25375,买盘
1180,11:05:51,10.15,0.0,23,23345,买盘
1181,11:05:54,10.13,-0.02,14,14184,卖盘
1182,11:06:04,10.14,0.01,15,15210,卖盘
1183,11:06:06,10.15,0.01,4,4060,买盘
1184,11:06:09,10.15,0.0,27,27405,买盘
1185,11:06:12,10.15,0.0,1,1015,买盘
1186,11:06:24,10.16,0.01,251,254951,买盘
1187,11:06:33,10.16,0.0,3,3048,买盘
1188,11:06:39,10.16,0.0,263,267208,买盘
1189,11:06:42,10.17,0.01,9,9153,买盘
1190,11:06:45,10.17,0.0,3,3051,买盘
1191,11:06:48,10.17,0.0,15,15255,买盘
1192,11:06:51,10.17,0.0,1,1017,卖盘
1193,11:06:54,10.15,-0.02,87,88475,卖盘
1194,11:07:00,10.18,0.03,3,3054,买盘
1195,11:07:06,10.18,0.0,25,25450,买盘
1196,11:07:15,10.18,0.0,91,92635,买盘
1197,11:07:24,10.18,0.0,59,60042,买盘
1198,11:07:45,10.15,-0.03,1,1015,卖盘
1199,11:07:48,10.15,0.0,2,2030,卖盘
1200,11:07:51,10.15,0.0,2,2030,卖盘
1201,11:07:54,10.15,0.0,24,24360,卖盘
1202,11:07:57,10.15,0.0,2,2030,卖盘
1203,11:08:00,10.15,0.0,14,14210,卖盘
1204,11:08:03,10.15,0.0,47,47728,卖盘
1205,11:08:12,10.16,0.01,21,21336,买盘
1206,11:08:21,10.16,0.0,47,47752,买盘
1207,11:08:27,10.16,0.0,20,20320,买盘
1208,11:08:30,10.16,0.0,30,30480,卖盘
1209,11:08:33,10.15,-0.01,46,46696,卖盘
1210,11:08:36,10.16,0.01,8,8128,买盘
1211,11:08:45,10.15,-0.01,50,50750,卖盘
1212,11:08:48,10.15,0.0,10,10150,卖盘
1213,11:08:54,10.16,0.01,200,203200,买盘
1214,11:09:04,10.16,0.0,29,29464,买盘
1215,11:09:06,10.15,-0.01,20,20300,卖盘
1216,11:09:12,10.16,0.01,259,263072,买盘
1217,11:09:18,10.15,-0.01,17,17255,买盘
1218,11:09:21,10.14,-0.01,183,185763,卖盘
1219,11:09:27,10.17,0.03,145,147333,买盘
1220,11:09:30,10.16,-0.01,31,31513,卖盘
1221,11:09:33,10.18,0.02,9,9162,买盘
1222,11:09:45,10.18,0.0,100,101786,买盘
1223,11:09:48,10.18,0.0,1,1018,卖盘
1224,11:09:54,10.18,0.0,70,71260,卖盘
1225,11:09:57,10.18,0.0,1,1018,卖盘
1226,11:10:03,10.18,0.0,44,44792,卖盘
1227,11:10:06,10.2,0.02,254,258359,买盘
1228,11:10:09,10.2,0.0,35,35700,卖盘
1229,11:10:12,10.21,0.01,195,198944,买盘
1230,11:10:15,10.21,0.0,58,59728,卖盘
1231,11:10:18,10.17,-0.04,2,2034,卖盘
1232,11:10:27,10.2,0.03,7,7140,卖盘
1233,11:10:30,10.2,0.0,57,58140,卖盘
1234,11:10:33,10.2,0.0,40,40800,卖盘
1235,11:10:36,10.2,0.0,120,122343,买盘
1236,11:10:39,10.2,0.0,2,2040,卖盘
1237,11:10:45,10.21,0.01,5,5105,买盘
1238,11:10:48,10.21,0.0,180,183780,买盘
1239,11:10:51,10.2,-0.01,60,61200,卖盘
1240,11:10:54,10.21,0.01,69,70442,买盘
1241,11:10:57,10.2,-0.01,2,2040,卖盘
1242,11:11:04,10.2,0.0,194,197880,卖盘
1243,11:11:06,10.19,-0.01,95,96810,卖盘
1244,11:11:09,10.2,0.01,2,2039,买盘
1245,11:11:12,10.2,0.0,6,6115,买盘
1246,11:11:15,10.19,-0.01,434,442383,卖盘
1247,11:11:18,10.2,0.01,23,23446,买盘
1248,11:11:21,10.21,0.01,153,156141,买盘
1249,11:11:24,10.19,-0.02,22,22418,卖盘
1250,11:11:27,10.19,0.0,1,1019,卖盘
1251,11:11:30,10.19,0.0,5,5095,卖盘
1252,11:11:39,10.2,0.01,22,22440,买盘
1253,11:11:48,10.19,-0.01,3,3057,卖盘
1254,11:11:51,10.19,0.0,5,5095,卖盘
1255,11:11:54,10.19,0.0,1,1019,卖盘
1256,11:12:00,10.19,0.0,458,467364,卖盘
1257,11:12:04,10.19,0.0,20,20380,卖盘
1258,11:12:06,10.2,0.01,5,5100,买盘
1259,11:12:09,10.19,-0.01,17,17330,卖盘
1260,11:12:12,10.19,0.0,3,3057,卖盘
1261,11:12:15,10.19,0.0,181,184936,卖盘
1262,11:12:24,10.21,0.02,19,19399,卖盘
1263,11:12:27,10.21,0.0,65,66365,卖盘
1264,11:12:33,10.21,0.0,40,40875,卖盘
1265,11:12:36,10.22,0.01,310,316819,买盘
1266,11:12:39,10.22,0.0,30,30149,买盘
1267,11:12:42,10.23,0.01,104,106392,买盘
1268,11:12:45,10.23,0.0,1,1023,买盘
1269,11:12:48,10.23,0.0,50,51150,买盘
1270,11:12:54,10.24,0.01,46,47084,买盘
1271,11:12:57,10.24,0.0,10,10240,卖盘
1272,11:13:00,10.23,-0.01,55,56300,卖盘
1273,11:13:04,10.24,0.01,44,45042,买盘
1274,11:13:06,10.24,0.0,20,20480,卖盘
1275,11:13:09,10.24,0.0,8,8192,卖盘
1276,11:13:12,10.24,0.0,24,24586,卖盘
1277,11:13:15,10.24,0.0,1,1024,卖盘
1278,11:13:18,10.24,0.0,50,51200,卖盘
1279,11:13:21,10.24,0.0,300,307200,卖盘
1280,11:13:24,10.24,0.0,125,128000,卖盘
1281,11:13:27,10.24,0.0,41,41984,卖盘
1282,11:13:30,10.24,0.0,132,135259,卖盘
1283,11:13:33,10.24,0.0,8,8192,卖盘
1284,11:13:36,10.24,0.0,217,222470,卖盘
1285,11:13:39,10.23,-0.01,26,26613,卖盘
1286,11:13:42,10.23,0.0,88,90173,卖盘
1287,11:13:45,10.24,0.01,194,199024,卖盘
1288,11:13:48,10.23,-0.01,21,21483,卖盘
1289,11:13:51,10.24,0.01,296,302828,买盘
1290,11:13:57,10.22,-0.02,7,7154,买盘
1291,11:14:04,10.22,0.0,3,3066,卖盘
1292,11:14:12,10.23,0.01,29,29659,买盘
1293,11:14:15,10.23,0.0,7,7161,卖盘
1294,11:14:18,10.23,0.0,21,21483,卖盘
1295,11:14:48,10.22,-0.01,10,10220,买盘
1296,11:14:54,10.2,-0.02,2,2040,卖盘
1297,11:15:06,10.2,0.0,1,1020,卖盘
1298,11:15:09,10.2,0.0,10,10200,卖盘
1299,11:15:12,10.2,0.0,3,3060,卖盘
1300,11:15:15,10.2,0.0,4,4080,卖盘
1301,11:15:18,10.21,0.01,10,10210,买盘
1302,11:15:21,10.23,0.02,206,210448,买盘
1303,11:15:24,10.2,-0.03,1,1020,卖盘
1304,11:15:39,10.21,0.01,4,4084,卖盘
1305,11:15:42,10.22,0.01,37,37813,买盘
1306,11:15:45,10.22,0.0,35,35770,卖盘
1307,11:15:57,10.22,0.0,40,40880,卖盘
1308,11:16:04,10.22,0.0,100,102200,卖盘
1309,11:16:06,10.22,0.0,51,52122,卖盘
1310,11:16:09,10.25,0.03,305,312107,买盘
1311,11:16:12,10.25,0.0,7,7175,卖盘
1312,11:16:18,10.25,0.0,1,1025,卖盘
1313,11:16:21,10.25,0.0,80,82000,卖盘
1314,11:16:24,10.26,0.01,32,32825,买盘
1315,11:16:27,10.25,-0.01,3,3075,卖盘
1316,11:16:36,10.25,0.0,1,1025,卖盘
1317,11:16:39,10.25,0.0,3,3075,卖盘
1318,11:16:45,10.25,0.0,1,1025,买盘
1319,11:16:48,10.25,0.0,5,5125,买盘
1320,11:16:51,10.26,0.01,203,208230,买盘
1321,11:16:55,10.27,0.01,22,22592,买盘
1322,11:16:57,10.28,0.01,201,206491,买盘
1323,11:17:00,10.27,-0.01,33,33876,卖盘
1324,11:17:03,10.28,0.01,5,5140,中性盘
1325,11:17:06,10.3,0.02,52,53530,买盘
1326,11:17:09,10.27,-0.03,21,21572,卖盘
1327,11:17:12,10.3,0.03,93,95670,买盘
1328,11:17:15,10.27,-0.03,1,1027,卖盘
1329,11:17:18,10.28,0.01,20,20560,买盘
1330,11:17:25,10.3,0.02,180,185398,买盘
1331,11:17:27,10.27,-0.03,22,22615,卖盘
1332,11:17:30,10.28,0.01,1,1028,卖盘
1333,11:17:36,10.28,0.0,2,2056,卖盘
1334,11:17:39,10.28,0.0,2,2056,卖盘
1335,11:17:45,10.29,0.01,81,83406,买盘
1336,11:17:48,10.28,-0.01,21,21588,卖盘
1337,11:17:51,10.28,0.0,10,10280,买盘
1338,11:17:54,10.28,0.0,1,1028,买盘
1339,11:17:57,10.28,0.0,2,2056,买盘
1340,11:18:06,10.25,-0.03,30,30750,卖盘
1341,11:18:09,10.27,0.02,1,1027,买盘
1342,11:18:12,10.25,-0.02,1,1025,卖盘
1343,11:18:18,10.26,0.01,2,2052,买盘
1344,11:18:21,10.25,-0.01,5,5125,卖盘
1345,11:18:24,10.25,0.0,26,26650,卖盘
1346,11:18:30,10.26,0.01,7,7181,买盘
1347,11:18:42,10.25,-0.01,39,39975,卖盘
1348,11:18:48,10.25,0.0,10,10250,买盘
1349,11:18:57,10.25,0.0,19,19474,买盘
1350,11:19:00,10.23,-0.02,20,20466,卖盘
1351,11:19:09,10.25,0.02,29,29702,买盘
1352,11:19:18,10.23,-0.02,1,1023,卖盘
1353,11:19:21,10.24,0.01,1,1024,卖盘
1354,11:19:27,10.24,0.0,21,21504,卖盘
1355,11:19:30,10.23,-0.01,3,3069,卖盘
1356,11:19:36,10.23,0.0,4,4092,卖盘
1357,11:19:39,10.23,0.0,48,49104,卖盘
1358,11:19:48,10.22,-0.01,2,2044,卖盘
1359,11:19:51,10.22,0.0,15,15330,卖盘
1360,11:19:54,10.23,0.01,2,2046,买盘
1361,11:20:00,10.22,-0.01,18,18405,卖盘
1362,11:20:04,10.22,0.0,5,5110,卖盘
1363,11:20:06,10.22,0.0,5,5110,卖盘
1364,11:20:09,10.22,0.0,36,36792,卖盘
1365,11:20:12,10.21,-0.01,20,20420,卖盘
1366,11:20:18,10.21,0.0,2,2042,卖盘
1367,11:20:27,10.21,0.0,59,60239,卖盘
1368,11:20:30,10.21,0.0,1,1021,卖盘
1369,11:20:36,10.21,0.0,8,8168,卖盘
1370,11:20:39,10.21,0.0,14,14306,卖盘
1371,11:20:45,10.21,0.0,10,10210,卖盘
1372,11:20:48,10.21,0.0,10,10210,卖盘
1373,11:20:51,10.21,0.0,6,6126,卖盘
1374,11:21:00,10.21,0.0,20,20420,卖盘
1375,11:21:18,10.21,0.0,17,17357,买盘
1376,11:21:30,10.2,-0.01,5,5100,卖盘
1377,11:21:36,10.21,0.01,80,81680,买盘
1378,11:21:39,10.21,0.0,1,1021,卖盘
1379,11:21:45,10.21,0.0,2,2042,卖盘
1380,11:21:48,10.21,0.0,1,1021,卖盘
1381,11:21:54,10.21,0.0,1,1021,卖盘
1382,11:22:03,10.21,0.0,20,20420,卖盘
1383,11:22:15,10.21,0.0,10,10210,卖盘
1384,11:22:18,10.22,0.01,102,104244,买盘
1385,11:22:33,10.24,0.02,57,58326,买盘
1386,11:22:36,10.22,-0.02,1,1022,卖盘
1387,11:23:03,10.22,0.0,24,24528,卖盘
1388,11:23:12,10.21,-0.01,17,17357,卖盘
1389,11:23:15,10.21,0.0,1,1021,卖盘
1390,11:23:18,10.23,0.02,11,11251,买盘
1391,11:23:21,10.21,-0.02,5,5105,卖盘
1392,11:23:27,10.21,0.0,1,1021,卖盘
1393,11:23:30,10.21,0.0,8,8168,卖盘
1394,11:23:39,10.21,0.0,32,32672,卖盘
1395,11:23:42,10.21,0.0,1,1021,买盘
1396,11:23:48,10.2,-0.01,101,103020,卖盘
1397,11:23:54,10.2,0.0,4,4080,卖盘
1398,11:23:57,10.2,0.0,10,10200,卖盘
1399,11:24:00,10.2,0.0,12,12750,卖盘
1400,11:24:04,10.2,0.0,6,5610,卖盘
1401,11:24:09,10.2,0.0,9,9180,买盘
1402,11:24:18,10.18,-0.02,74,75407,卖盘
1403,11:24:27,10.17,-0.01,40,40708,卖盘
1404,11:24:30,10.17,0.0,79,80343,买盘
1405,11:24:33,10.17,0.0,17,17289,买盘
1406,11:24:36,10.17,0.0,7,7119,卖盘
1407,11:24:42,10.17,0.0,5,5085,卖盘
1408,11:24:48,10.16,-0.01,22,22358,卖盘
1409,11:24:54,10.17,0.01,5,5085,卖盘
1410,11:24:57,10.17,0.0,6,6102,卖盘
1411,11:25:00,10.17,0.0,2,2034,卖盘
1412,11:25:04,10.17,0.0,18,18306,卖盘
1413,11:25:06,10.16,-0.01,130,132207,卖盘
1414,11:25:12,10.16,0.0,7,7112,卖盘
1415,11:25:18,10.17,0.01,67,68099,买盘
1416,11:25:21,10.16,-0.01,29,29464,卖盘
1417,11:25:24,10.16,0.0,6,6096,卖盘
1418,11:25:27,10.16,0.0,28,28463,卖盘
1419,11:25:36,10.16,0.0,25,25908,卖盘
1420,11:25:39,10.16,0.0,9,9144,卖盘
1421,11:25:51,10.16,0.0,1,1016,卖盘
1422,11:26:00,10.16,0.0,1,1016,卖盘
1423,11:26:04,10.23,0.07,492,502898,买盘
1424,11:26:06,10.23,0.0,9,9207,卖盘
1425,11:26:21,10.18,-0.05,1,1018,卖盘
1426,11:26:30,10.18,0.0,6,6108,卖盘
1427,11:26:33,10.18,0.0,30,30540,卖盘
1428,11:26:45,10.18,0.0,2,2036,卖盘
1429,11:26:48,10.2,0.02,20,20400,中性盘
1430,11:26:57,10.2,0.0,15,15300,卖盘
1431,11:27:04,10.2,0.0,4,4080,卖盘
1432,11:27:09,10.23,0.03,491,502186,买盘
1433,11:27:12,10.2,-0.03,1,1020,卖盘
1434,11:27:24,10.21,0.01,2,2042,买盘
1435,11:27:30,10.2,-0.01,3,3060,卖盘
1436,11:27:33,10.2,0.0,98,100042,卖盘
1437,11:27:39,10.21,0.01,10,10210,买盘
1438,11:28:04,10.22,0.01,18,18396,卖盘
1439,11:28:06,10.22,0.0,4,4088,卖盘
1440,11:28:09,10.22,0.0,65,66430,卖盘
1441,11:28:12,10.22,0.0,7,7154,卖盘
1442,11:28:15,10.22,0.0,2,2044,卖盘
1443,11:28:27,10.2,-0.02,3,3060,卖盘
1444,11:28:39,10.2,0.0,15,15300,卖盘
1445,11:28:45,10.21,0.01,1,1021,中性盘
1446,11:28:48,10.21,0.0,22,22462,卖盘
1447,11:28:51,10.21,0.0,1,1021,卖盘
1448,11:28:57,10.21,0.0,6,6126,卖盘
1449,11:29:04,10.21,0.0,5,5105,卖盘
1450,11:29:09,10.21,0.0,32,32672,卖盘
1451,11:29:12,10.21,0.0,2,2042,买盘
1452,11:29:15,10.2,-0.01,300,306000,卖盘
1453,11:29:18,10.21,0.01,15,15315,买盘
1454,11:29:21,10.24,0.03,159,162613,买盘
1455,11:29:24,10.24,0.0,8,8192,卖盘
1456,11:29:27,10.24,0.0,5,5120,卖盘
1457,11:29:30,10.24,0.0,2,2048,卖盘
1458,11:29:51,10.24,0.0,158,161792,买盘
1459,11:29:54,10.24,0.0,4,4096,卖盘
1460,11:29:57,10.24,0.0,3,3072,卖盘
1461,11:30:00,10.24,0.0,4,4096,卖盘
1462,13:00:00,10.24,0.0,57,58368,卖盘
1463,13:00:04,10.24,0.0,674,690734,卖盘
1464,13:00:06,10.24,0.0,17,17408,买盘
1465,13:00:09,10.3,0.06,838,860896,买盘
1466,13:00:12,10.24,-0.06,64,65908,卖盘
1467,13:00:15,10.3,0.06,9,9240,买盘
1468,13:00:18,10.29,-0.01,11,11319,买盘
1469,13:00:21,10.29,0.0,2,2058,买盘
1470,13:00:24,10.29,0.0,1,1029,买盘
1471,13:00:27,10.24,-0.05,57,58479,卖盘
1472,13:00:30,10.24,0.0,211,216064,买盘
1473,13:00:33,10.24,0.0,132,135168,买盘
1474,13:00:39,10.24,0.0,31,31744,买盘
1475,13:00:42,10.24,0.0,18,18432,买盘
1476,13:00:45,10.24,0.0,3,3072,买盘
1477,13:00:48,10.24,0.0,155,158720,买盘
1478,13:00:51,10.24,0.0,18,18432,买盘
1479,13:00:54,10.26,0.02,2,2052,买盘
1480,13:00:57,10.28,0.02,1,1028,买盘
1481,13:01:00,10.24,-0.04,51,52295,卖盘
1482,13:01:04,10.27,0.03,21,21563,买盘
1483,13:01:09,10.27,0.0,2,2054,买盘
1484,13:01:12,10.26,-0.01,201,206026,买盘
1485,13:01:15,10.27,0.01,1,1027,买盘
1486,13:01:18,10.27,0.0,10,10270,买盘
1487,13:01:21,10.27,0.0,1,1027,买盘
1488,13:01:24,10.25,-0.02,309,316750,卖盘
1489,13:01:27,10.25,0.0,422,432560,卖盘
1490,13:01:30,10.24,-0.01,47,48136,卖盘
1491,13:01:33,10.24,0.0,37,37798,买盘
1492,13:01:39,10.24,0.0,2,2048,买盘
1493,13:01:42,10.24,0.0,11,11264,买盘
1494,13:01:45,10.24,0.0,20,20466,买盘
1495,13:01:48,10.23,-0.01,30,30690,买盘
1496,13:01:51,10.22,-0.01,46,47029,卖盘
1497,13:01:57,10.26,0.04,1,1026,买盘
1498,13:02:04,10.26,0.0,20,20518,买盘
1499,13:02:06,10.22,-0.04,254,259624,卖盘
1500,13:02:09,10.22,0.0,5,5110,买盘
1501,13:02:12,10.22,0.0,46,47012,买盘
1502,13:02:15,10.22,0.0,47,48029,买盘
1503,13:02:18,10.22,0.0,45,45990,买盘
1504,13:02:21,10.23,0.01,1,1023,买盘
1505,13:02:24,10.23,0.0,51,52094,买盘
1506,13:02:27,10.25,0.02,1,1025,买盘
1507,13:02:33,10.24,-0.01,1,1024,买盘
1508,13:02:39,10.24,0.0,1,1024,买盘
1509,13:02:42,10.24,0.0,6,6144,买盘
1510,13:02:45,10.22,-0.02,5,5110,卖盘
1511,13:02:48,10.22,0.0,16,16364,卖盘
1512,13:02:54,10.22,0.0,19,19418,买盘
1513,13:03:04,10.22,0.0,150,153306,卖盘
1514,13:03:12,10.24,0.02,1,1024,买盘
1515,13:03:15,10.24,0.0,5,5120,买盘
1516,13:03:18,10.24,0.0,54,55198,买盘
1517,13:03:24,10.22,-0.02,100,102200,卖盘
1518,13:03:33,10.24,0.02,160,163418,买盘
1519,13:03:42,10.22,-0.02,7,7159,卖盘
1520,13:03:45,10.22,0.0,4,4088,买盘
1521,13:03:48,10.22,0.0,3,3066,卖盘
1522,13:03:51,10.22,0.0,3,3066,买盘
1523,13:03:57,10.22,0.0,3,3066,买盘
1524,13:04:04,10.22,0.0,14,14308,买盘
1525,13:04:06,10.22,0.0,5,5110,买盘
1526,13:04:09,10.22,0.0,14,14308,买盘
1527,13:04:12,10.25,0.03,243,248593,买盘
1528,13:04:15,10.25,0.0,10,10240,买盘
1529,13:04:18,10.25,0.0,1,1025,买盘
1530,13:04:21,10.2,-0.05,201,205127,卖盘
1531,13:04:27,10.22,0.02,8,8176,中性盘
1532,13:04:30,10.22,0.0,4,4088,买盘
1533,13:04:33,10.24,0.02,56,57272,买盘
1534,13:04:42,10.24,0.0,159,162821,卖盘
1535,13:05:00,10.24,0.0,141,143982,买盘
1536,13:05:06,10.24,0.0,10,10237,买盘
1537,13:05:12,10.26,0.02,249,255261,买盘
1538,13:05:15,10.26,0.0,23,23598,卖盘
1539,13:05:18,10.26,0.0,257,263682,卖盘
1540,13:05:36,10.22,-0.04,20,20440,卖盘
1541,13:05:42,10.25,0.03,8,8200,买盘
1542,13:05:45,10.22,-0.03,32,32704,卖盘
1543,13:05:51,10.26,0.04,168,172348,买盘
1544,13:05:54,10.26,0.0,12,12312,卖盘
1545,13:06:00,10.24,-0.02,1,1024,中性盘
1546,13:06:04,10.24,0.0,18,18432,卖盘
1547,13:06:06,10.24,0.0,2,2048,买盘
1548,13:06:12,10.24,0.0,2,2048,买盘
1549,13:06:18,10.27,0.03,268,274949,买盘
1550,13:06:24,10.24,-0.03,5,5120,卖盘
1551,13:06:42,10.26,0.02,6,6156,买盘
1552,13:06:48,10.25,-0.01,1,1025,卖盘
1553,13:06:51,10.25,0.0,249,255225,卖盘
1554,13:06:54,10.26,0.01,28,28727,买盘
1555,13:07:09,10.23,-0.03,40,40925,卖盘
1556,13:07:12,10.24,0.01,2,2048,中性盘
1557,13:07:15,10.23,-0.01,31,31715,卖盘
1558,13:07:18,10.23,0.0,170,174313,卖盘
1559,13:07:30,10.27,0.04,211,216547,买盘
1560,13:07:36,10.26,-0.01,3,3078,卖盘
1561,13:07:42,10.27,0.01,6,6162,买盘
1562,13:07:45,10.25,-0.02,100,102540,卖盘
1563,13:07:51,10.25,0.0,140,143500,卖盘
1564,13:07:54,10.24,-0.01,5,5120,卖盘
1565,13:07:57,10.24,0.0,22,22528,卖盘
1566,13:08:00,10.25,0.01,18,18450,买盘
1567,13:08:09,10.21,-0.04,100,102134,卖盘
1568,13:08:18,10.24,0.03,34,34813,买盘
1569,13:08:21,10.24,0.0,49,50176,卖盘
1570,13:08:33,10.21,-0.03,30,30630,卖盘
1571,13:08:36,10.24,0.03,35,35840,买盘
1572,13:08:48,10.21,-0.03,30,30630,卖盘
1573,13:09:00,10.21,0.0,107,109250,卖盘
1574,13:09:09,10.23,0.02,40,40884,买盘
1575,13:09:12,10.2,-0.03,159,162180,卖盘
1576,13:09:18,10.2,0.0,126,128726,卖盘
1577,13:09:21,10.24,0.04,223,228192,买盘
1578,13:09:33,10.22,-0.02,11,11242,卖盘
1579,13:09:39,10.22,0.0,5,5110,卖盘
1580,13:09:45,10.2,-0.02,120,122435,卖盘
1581,13:10:04,10.21,0.01,4,4084,买盘
1582,13:10:18,10.22,0.01,492,502824,买盘
1583,13:10:21,10.22,0.0,122,124677,买盘
1584,13:10:24,10.22,0.0,6,6132,买盘
1585,13:10:27,10.22,0.0,89,90958,买盘
1586,13:10:30,10.22,0.0,79,80835,买盘
1587,13:10:36,10.24,0.02,3,3072,买盘
1588,13:10:39,10.24,0.0,21,21504,买盘
1589,13:10:42,10.21,-0.03,103,105189,卖盘
1590,13:11:00,10.22,0.01,1,1022,卖盘
1591,13:11:04,10.22,0.0,3,3066,卖盘
1592,13:11:06,10.23,0.01,42,42966,买盘
1593,13:11:09,10.22,-0.01,50,51100,卖盘
1594,13:11:18,10.23,0.01,32,32736,买盘
1595,13:11:21,10.23,0.0,41,41943,卖盘
1596,13:11:24,10.22,-0.01,5,5110,卖盘
1597,13:11:27,10.22,0.0,78,79716,买盘
1598,13:11:30,10.2,-0.02,200,204063,卖盘
1599,13:11:45,10.2,0.0,3,3060,卖盘
1600,13:12:12,10.21,0.01,3,3063,卖盘
1601,13:12:15,10.21,0.0,22,22462,卖盘
1602,13:12:18,10.23,0.02,115,117631,买盘
1603,13:12:36,10.23,0.0,1,1023,卖盘
1604,13:12:48,10.23,0.0,9,9207,卖盘
1605,13:12:54,10.23,0.0,108,110484,卖盘
1606,13:13:01,10.23,0.0,4,4092,买盘
1607,13:13:07,10.21,-0.02,30,30630,卖盘
1608,13:13:09,10.2,-0.01,200,204023,卖盘
1609,13:13:15,10.2,0.0,4,4080,卖盘
1610,13:13:18,10.2,0.0,1,1020,卖盘
1611,13:13:21,10.2,0.0,3,3060,卖盘
1612,13:13:27,10.2,0.0,100,102000,卖盘
1613,13:13:36,10.2,0.0,100,102000,卖盘
1614,13:13:39,10.19,-0.01,36,36684,卖盘
1615,13:13:42,10.19,0.0,2,2038,卖盘
1616,13:13:45,10.19,0.0,1,1019,卖盘
1617,13:13:54,10.15,-0.04,300,304867,卖盘
1618,13:13:57,10.19,0.04,3,3057,中性盘
1619,13:14:04,10.19,0.0,4,4076,卖盘
1620,13:14:06,10.19,0.0,23,23437,卖盘
1621,13:14:18,10.24,0.05,329,336175,买盘
1622,13:14:21,10.22,-0.02,28,28652,卖盘
1623,13:14:24,10.24,0.02,201,205486,买盘
1624,13:14:27,10.22,-0.02,21,21462,卖盘
1625,13:14:33,10.22,0.0,1,1022,买盘
1626,13:14:36,10.21,-0.01,1,1021,买盘
1627,13:14:39,10.22,0.01,17,17374,买盘
1628,13:14:45,10.22,0.0,9,9198,买盘
1629,13:14:57,10.22,0.0,49,50048,买盘
1630,13:15:09,10.22,0.0,61,62313,买盘
1631,13:15:15,10.23,0.01,13,13299,买盘
1632,13:15:18,10.22,-0.01,50,51100,卖盘
1633,13:15:21,10.23,0.01,6,6138,买盘
1634,13:15:24,10.2,-0.03,100,102165,卖盘
1635,13:15:30,10.21,0.01,13,13273,中性盘
1636,13:15:45,10.21,0.0,7,7147,卖盘
1637,13:15:54,10.2,-0.01,80,81600,卖盘
1638,13:15:57,10.2,0.0,10,10200,卖盘
1639,13:16:00,10.2,0.0,41,41820,卖盘
1640,13:16:04,10.2,0.0,3,3060,卖盘
1641,13:16:06,10.2,0.0,3,3060,卖盘
1642,13:16:09,10.2,0.0,1,1020,卖盘
1643,13:16:12,10.2,0.0,40,40800,卖盘
1644,13:16:15,10.2,0.0,1,1020,卖盘
1645,13:16:18,10.22,0.02,51,52070,买盘
1646,13:16:33,10.21,-0.01,14,14294,买盘
1647,13:17:00,10.21,0.0,1,1021,卖盘
1648,13:17:04,10.21,0.0,3,3063,卖盘
1649,13:17:06,10.21,0.0,10,10210,卖盘
1650,13:17:18,10.22,0.01,153,156366,买盘
1651,13:17:24,10.22,0.0,3,3066,卖盘
1652,13:17:27,10.21,-0.01,1,1021,卖盘
1653,13:17:36,10.21,0.0,5,5105,卖盘
1654,13:17:42,10.21,0.0,16,16336,卖盘
1655,13:17:57,10.18,-0.03,200,203763,卖盘
1656,13:18:04,10.19,0.01,4,4076,中性盘
1657,13:18:12,10.17,-0.02,9,9154,卖盘
1658,13:18:18,10.21,0.04,36,36732,买盘
1659,13:18:21,10.18,-0.03,2,2036,买盘
1660,13:18:24,10.18,0.0,1,1018,卖盘
1661,13:18:27,10.2,0.02,7,7140,卖盘
1662,13:18:33,10.2,0.0,20,20408,卖盘
1663,13:18:36,10.21,0.01,114,116378,买盘
1664,13:18:42,10.2,-0.01,16,16320,卖盘
1665,13:18:48,10.2,0.0,10,10200,卖盘
1666,13:18:54,10.21,0.01,122,124522,买盘
1667,13:19:00,10.2,-0.01,1,1020,卖盘
1668,13:19:04,10.2,0.0,4,4080,卖盘
1669,13:19:18,10.21,0.01,105,107203,买盘
1670,13:19:30,10.2,-0.01,61,62220,卖盘
1671,13:19:57,10.2,0.0,33,33660,卖盘
1672,13:20:00,10.2,0.0,51,52020,卖盘
1673,13:20:03,10.2,0.0,3,3060,卖盘
1674,13:20:06,10.2,0.0,1,1020,卖盘
1675,13:20:12,10.2,0.0,16,16320,卖盘
1676,13:20:18,10.21,0.01,26,26546,买盘
1677,13:21:21,10.2,-0.01,21,21420,卖盘
1678,13:21:33,10.19,-0.01,11,11210,卖盘
1679,13:21:36,10.19,0.0,2,2038,卖盘
1680,13:21:39,10.19,0.0,3,3057,卖盘
1681,13:21:51,10.19,0.0,2,2038,卖盘
1682,13:21:57,10.19,0.0,4,4076,卖盘
1683,13:22:00,10.19,0.0,1,1019,卖盘
1684,13:22:04,10.19,0.0,3,3057,卖盘
1685,13:22:06,10.19,0.0,10,10190,卖盘
1686,13:22:15,10.19,0.0,18,18342,卖盘
1687,13:22:21,10.18,-0.01,1,1018,卖盘
1688,13:22:33,10.18,0.0,3,3054,卖盘
1689,13:22:36,10.18,0.0,9,9162,卖盘
1690,13:22:57,10.18,0.0,44,44792,卖盘
1691,13:23:00,10.18,0.0,1,1018,卖盘
1692,13:23:04,10.18,0.0,12,12216,卖盘
1693,13:23:06,10.2,0.02,87,88715,买盘
1694,13:23:09,10.2,0.0,34,34680,卖盘
1695,13:23:12,10.2,0.0,84,85680,卖盘
1696,13:23:18,10.2,0.0,5,5100,卖盘
1697,13:23:36,10.2,0.0,10,10200,卖盘
1698,13:23:54,10.2,0.0,15,15300,卖盘
1699,13:24:04,10.2,0.0,4,4080,卖盘
1700,13:24:12,10.2,0.0,15,15300,卖盘
1701,13:24:18,10.2,0.0,18,18360,卖盘
1702,13:24:21,10.21,0.01,297,303237,买盘
1703,13:24:30,10.21,0.0,6,6126,卖盘
1704,13:24:39,10.21,0.0,11,11231,卖盘
1705,13:24:54,10.21,0.0,1,1021,卖盘
1706,13:25:00,10.21,0.0,3,3063,卖盘
1707,13:25:04,10.21,0.0,3,3063,卖盘
1708,13:25:06,10.24,0.03,200,204622,买盘
1709,13:25:09,10.22,-0.02,10,10220,买盘
1710,13:25:21,10.24,0.02,63,64502,买盘
1711,13:25:24,10.25,0.01,15,15375,买盘
1712,13:25:27,10.24,-0.01,22,22540,卖盘
1713,13:25:30,10.25,0.01,3,3075,买盘
1714,13:25:39,10.25,0.0,230,235750,买盘
1715,13:25:42,10.25,0.0,9,9225,买盘
1716,13:25:48,10.24,-0.01,1,1024,卖盘
1717,13:26:00,10.24,0.0,1,1024,卖盘
1718,13:26:04,10.25,0.01,91,93259,买盘
1719,13:26:06,10.25,0.0,9,9225,卖盘
1720,13:26:09,10.25,0.0,27,27675,卖盘
1721,13:26:19,10.25,0.0,23,23575,卖盘
1722,13:26:21,10.26,0.01,55,56430,买盘
1723,13:26:24,10.26,0.0,3,3076,买盘
1724,13:26:30,10.26,0.0,8,8208,买盘
1725,13:26:36,10.26,0.0,5,5130,买盘
1726,13:26:48,10.26,0.0,30,30780,买盘
1727,13:27:09,10.26,0.0,150,153900,买盘
1728,13:27:15,10.25,-0.01,21,21525,卖盘
1729,13:27:18,10.25,0.0,1,1025,卖盘
1730,13:27:21,10.25,0.0,3,3075,卖盘
1731,13:27:27,10.25,0.0,24,24600,卖盘
1732,13:27:30,10.25,0.0,30,30750,卖盘
1733,13:27:33,10.25,0.0,87,89249,卖盘
1734,13:27:36,10.25,0.0,56,57400,买盘
1735,13:27:39,10.25,0.0,31,31775,卖盘
1736,13:27:42,10.25,0.0,22,22550,卖盘
1737,13:27:45,10.25,0.0,6,6150,卖盘
1738,13:27:48,10.26,0.01,312,320012,买盘
1739,13:27:51,10.26,0.0,119,122105,买盘
1740,13:27:54,10.26,0.0,133,136458,卖盘
1741,13:28:09,10.25,-0.01,110,112888,卖盘
1742,13:28:27,10.25,0.0,2,2050,卖盘
1743,13:28:30,10.27,0.02,100,102670,买盘
1744,13:28:33,10.26,-0.01,2,2052,中性盘
1745,13:28:42,10.26,0.0,3,3078,买盘
1746,13:28:54,10.26,0.0,2,2052,买盘
1747,13:29:00,10.25,-0.01,20,20500,卖盘
1748,13:29:04,10.25,0.0,17,17425,卖盘
1749,13:29:06,10.25,0.0,56,57400,卖盘
1750,13:29:12,10.24,-0.01,11,11264,卖盘
1751,13:29:15,10.25,0.01,6,6149,买盘
1752,13:29:18,10.24,-0.01,5,5120,卖盘
1753,13:29:33,10.24,0.0,17,17408,卖盘
1754,13:29:36,10.24,0.0,1,1024,卖盘
1755,13:29:45,10.24,0.0,1,1024,卖盘
1756,13:29:51,10.24,0.0,1,1024,卖盘
1757,13:29:54,10.24,0.0,2,2048,卖盘
1758,13:30:06,10.24,0.0,3,3072,买盘
1759,13:30:18,10.26,0.02,84,86096,买盘
1760,13:30:39,10.26,0.0,13,13338,买盘
1761,13:30:42,10.26,0.0,3,3078,卖盘
1762,13:30:51,10.25,-0.01,52,53302,卖盘
1763,13:30:57,10.25,0.0,78,79950,卖盘
1764,13:31:00,10.25,0.0,14,14350,买盘
1765,13:31:06,10.25,0.0,10,10250,买盘
1766,13:31:09,10.23,-0.02,30,30699,卖盘
1767,13:31:18,10.23,0.0,1,1023,卖盘
1768,13:31:21,10.23,0.0,17,17405,卖盘
1769,13:31:24,10.21,-0.02,100,102205,卖盘
1770,13:31:36,10.2,-0.01,100,102035,卖盘
1771,13:31:39,10.23,0.03,1,1023,买盘
1772,13:31:42,10.23,0.0,5,5115,卖盘
1773,13:31:54,10.24,0.01,4,4096,买盘
1774,13:31:57,10.23,-0.01,5,5115,卖盘
1775,13:32:00,10.23,0.0,42,42980,卖盘
1776,13:32:04,10.23,0.0,7,7161,卖盘
1777,13:32:06,10.23,0.0,4,4092,卖盘
1778,13:32:09,10.24,0.01,10,10240,买盘
1779,13:32:18,10.24,0.0,8,8192,买盘
1780,13:32:21,10.23,-0.01,200,204600,卖盘
1781,13:32:33,10.23,0.0,60,61380,卖盘
1782,13:32:39,10.23,0.0,20,20460,卖盘
1783,13:32:42,10.23,0.0,9,9207,卖盘
1784,13:32:45,10.23,0.0,1,1023,买盘
1785,13:32:48,10.23,0.0,8,8184,卖盘
1786,13:32:54,10.21,-0.02,250,255263,卖盘
1787,13:33:04,10.21,0.0,3,3063,卖盘
1788,13:33:09,10.22,0.01,6,6132,买盘
1789,13:33:21,10.22,0.0,17,17374,卖盘
1790,13:33:24,10.22,0.0,1,1022,买盘
1791,13:33:27,10.22,0.0,1,1022,买盘
1792,13:33:30,10.22,0.0,1,1022,买盘
1793,13:33:33,10.22,0.0,21,21462,买盘
1794,13:33:36,10.22,0.0,9,9198,买盘
1795,13:33:39,10.23,0.01,2,2046,买盘
1796,13:33:42,10.23,0.0,2,2046,买盘
1797,13:33:48,10.23,0.0,13,13299,买盘
1798,13:34:06,10.21,-0.02,50,51070,卖盘
1799,13:34:12,10.22,0.01,53,54114,买盘
1800,13:34:15,10.25,0.03,222,227420,买盘
1801,13:34:18,10.25,0.0,18,18450,卖盘
1802,13:34:21,10.25,0.0,116,118900,卖盘
1803,13:34:24,10.25,0.0,31,31775,卖盘
1804,13:34:27,10.25,0.0,23,23575,卖盘
1805,13:34:30,10.25,0.0,10,10250,卖盘
1806,13:34:33,10.26,0.01,2,2052,买盘
1807,13:34:45,10.23,-0.03,230,235300,卖盘
1808,13:34:48,10.27,0.04,116,119045,买盘
1809,13:34:51,10.27,0.0,191,196157,买盘
1810,13:34:54,10.28,0.01,202,207656,买盘
1811,13:34:57,10.28,0.0,21,21588,买盘
1812,13:35:00,10.29,0.01,132,135766,买盘
1813,13:35:04,10.3,0.01,307,316138,买盘
1814,13:35:06,10.32,0.02,300,309195,买盘
1815,13:35:09,10.33,0.01,45,46442,买盘
1816,13:35:12,10.33,0.0,56,57848,买盘
1817,13:35:15,10.33,0.0,66,68178,买盘
1818,13:35:18,10.33,0.0,42,43386,买盘
1819,13:35:21,10.3,-0.03,71,73235,卖盘
1820,13:35:24,10.32,0.02,20,20640,卖盘
1821,13:35:27,10.32,0.0,41,42312,卖盘
1822,13:35:30,10.32,0.0,69,71056,买盘
1823,13:35:33,10.34,0.02,225,232311,买盘
1824,13:35:36,10.33,-0.01,1,1033,中性盘
1825,13:35:42,10.32,-0.01,9,9288,买盘
1826,13:35:45,10.29,-0.03,50,51469,卖盘
1827,13:35:51,10.3,0.01,27,27810,卖盘
1828,13:35:54,10.32,0.02,248,255885,买盘
1829,13:35:57,10.29,-0.03,61,62925,卖盘
1830,13:36:00,10.32,0.03,41,42192,中性盘
1831,13:36:03,10.32,0.0,25,25800,卖盘
1832,13:36:06,10.29,-0.03,47,48480,卖盘
1833,13:36:12,10.29,0.0,182,187698,卖盘
1834,13:36:15,10.29,0.0,29,29841,卖盘
1835,13:36:18,10.29,0.0,21,21609,买盘
1836,13:36:21,10.33,0.04,112,115674,买盘
1837,13:36:27,10.32,-0.01,4,4128,卖盘
1838,13:36:45,10.33,0.01,3,3099,买盘
1839,13:36:48,10.29,-0.04,200,205830,卖盘
1840,13:36:57,10.29,0.0,50,51450,卖盘
1841,13:37:00,10.31,0.02,23,23726,中性盘
1842,13:37:06,10.3,-0.01,3,3090,买盘
1843,13:37:09,10.31,0.01,4,4124,买盘
1844,13:37:12,10.3,-0.01,7,7210,卖盘
1845,13:37:15,10.3,0.0,187,192699,卖盘
1846,13:37:18,10.32,0.02,89,91848,买盘
1847,13:37:21,10.3,-0.02,132,135961,卖盘
1848,13:37:24,10.33,0.03,230,237274,买盘
1849,13:37:30,10.29,-0.04,220,226473,卖盘
1850,13:37:39,10.32,0.03,10,10320,买盘
1851,13:37:48,10.29,-0.03,40,41162,卖盘
1852,13:38:00,10.29,0.0,4,4119,卖盘
1853,13:38:04,10.29,0.0,46,47334,卖盘
1854,13:38:12,10.29,0.0,40,41160,卖盘
1855,13:38:18,10.31,0.02,77,79345,买盘
1856,13:38:21,10.33,0.02,228,235333,买盘
1857,13:38:27,10.33,0.0,68,70262,卖盘
1858,13:38:30,10.32,-0.01,72,74356,卖盘
1859,13:38:33,10.32,0.0,200,206400,卖盘
1860,13:38:36,10.32,0.0,21,21672,卖盘
1861,13:38:42,10.32,0.0,30,30960,卖盘
1862,13:38:45,10.32,0.0,30,30960,卖盘
1863,13:38:48,10.32,0.0,17,17544,卖盘
1864,13:38:54,10.3,-0.02,29,29870,卖盘
1865,13:38:57,10.32,0.02,17,17542,买盘
1866,13:39:04,10.3,-0.02,1,1030,卖盘
1867,13:39:06,10.29,-0.01,50,51450,卖盘
1868,13:39:09,10.33,0.04,180,185819,买盘
1869,13:39:15,10.3,-0.03,120,123600,卖盘
1870,13:39:24,10.3,0.0,131,134930,卖盘
1871,13:39:27,10.29,-0.01,9,9266,卖盘
1872,13:39:39,10.29,0.0,16,16464,卖盘
1873,13:39:54,10.29,0.0,12,12348,买盘
1874,13:40:00,10.3,0.01,200,205935,买盘
1875,13:40:18,10.28,-0.02,40,41120,卖盘
1876,13:40:21,10.28,0.0,3,3084,卖盘
1877,13:40:24,10.28,0.0,104,107067,卖盘
1878,13:40:27,10.28,0.0,35,35982,卖盘
1879,13:40:36,10.32,0.04,208,214549,买盘
1880,13:40:39,10.32,0.0,1,1032,卖盘
1881,13:40:42,10.32,0.0,45,46440,卖盘
1882,13:40:45,10.32,0.0,34,35088,卖盘
1883,13:40:51,10.32,0.0,14,14448,卖盘
1884,13:40:54,10.32,0.0,6,6192,卖盘
1885,13:41:04,10.32,0.0,65,67080,卖盘
1886,13:41:09,10.32,0.0,4,4128,卖盘
1887,13:41:15,10.32,0.0,1,1032,卖盘
1888,13:41:18,10.32,0.0,108,111456,卖盘
1889,13:41:24,10.32,0.0,7,7224,卖盘
1890,13:41:27,10.33,0.01,185,190822,买盘
1891,13:41:48,10.31,-0.02,89,91759,卖盘
1892,13:41:51,10.31,0.0,5,5155,买盘
1893,13:41:57,10.31,0.0,10,10310,买盘
1894,13:42:00,10.29,-0.02,50,51450,卖盘
1895,13:42:09,10.29,0.0,150,154350,卖盘
1896,13:42:12,10.29,0.0,3,3087,卖盘
1897,13:42:15,10.31,0.02,87,89696,买盘
1898,13:42:21,10.31,0.0,44,45364,卖盘
1899,13:42:24,10.32,0.01,37,38178,买盘
1900,13:42:30,10.29,-0.03,55,56595,卖盘
1901,13:42:33,10.32,0.03,5,5160,买盘
1902,13:42:42,10.29,-0.03,200,205863,卖盘
1903,13:42:46,10.3,0.01,20,20600,买盘
1904,13:42:51,10.29,-0.01,200,205825,卖盘
1905,13:42:57,10.29,0.0,200,205804,卖盘
1906,13:43:00,10.29,0.0,98,100842,卖盘
1907,13:43:04,10.31,0.02,17,17527,中性盘
1908,13:43:06,10.28,-0.03,200,206163,卖盘
1909,13:43:18,10.28,0.0,150,154200,卖盘
1910,13:43:45,10.31,0.03,43,44333,买盘
1911,13:43:48,10.31,0.0,30,30930,卖盘
1912,13:43:57,10.31,0.0,8,8251,卖盘
1913,13:44:00,10.3,-0.01,5,5150,卖盘
1914,13:44:04,10.32,0.02,453,467425,买盘
1915,13:44:06,10.3,-0.02,70,72100,卖盘
1916,13:44:09,10.3,0.0,52,53560,买盘
1917,13:44:12,10.32,0.02,41,42286,买盘
1918,13:44:15,10.28,-0.04,50,51444,卖盘
1919,13:44:18,10.32,0.04,20,20630,买盘
1920,13:44:27,10.32,0.0,4,4128,买盘
1921,13:44:33,10.34,0.02,552,570454,买盘
1922,13:44:36,10.34,0.0,10,10340,买盘
1923,13:44:39,10.34,0.0,7,7238,买盘
1924,13:44:42,10.34,0.0,2,2068,买盘
1925,13:44:48,10.34,0.0,67,69278,买盘
1926,13:44:51,10.34,0.0,7,7238,买盘
1927,13:44:54,10.36,0.02,508,526174,买盘
1928,13:44:57,10.4,0.04,649,673918,卖盘
1929,13:45:00,10.4,0.0,242,251778,买盘
1930,13:45:04,10.42,0.02,240,250077,买盘
1931,13:45:06,10.44,0.02,100,104282,买盘
1932,13:45:09,10.43,-0.01,173,180523,卖盘
1933,13:45:12,10.45,0.02,301,314546,买盘
1934,13:45:15,10.45,0.0,23,24035,中性盘
1935,13:45:18,10.46,0.01,146,152445,买盘
1936,13:45:21,10.46,0.0,212,221489,买盘
1937,13:45:24,10.45,-0.01,144,150610,卖盘
1938,13:45:27,10.46,0.01,368,383007,中性盘
1939,13:45:30,10.46,0.0,38,39728,买盘
1940,13:45:33,10.46,0.0,7,7322,买盘
1941,13:45:36,10.46,0.0,122,126702,买盘
1942,13:45:39,10.46,0.0,35,36605,买盘
1943,13:45:45,10.46,0.0,316,330011,买盘
1944,13:45:48,10.47,0.01,97,101473,买盘
1945,13:45:51,10.45,-0.02,2,2090,买盘
1946,13:45:54,10.46,0.01,22,22994,买盘
1947,13:45:57,10.45,-0.01,53,55388,卖盘
1948,13:46:00,10.45,0.0,77,80467,卖盘
1949,13:46:04,10.45,0.0,57,59569,卖盘
1950,13:46:06,10.44,-0.01,14,14616,买盘
1951,13:46:12,10.45,0.01,11,11482,买盘
1952,13:46:15,10.44,-0.01,3,3132,卖盘
1953,13:46:18,10.45,0.01,358,374056,买盘
1954,13:46:21,10.46,0.01,22,22992,买盘
1955,13:46:27,10.45,-0.01,17,17780,卖盘
1956,13:46:30,10.44,-0.01,83,86696,卖盘
1957,13:46:36,10.47,0.03,594,621303,买盘
1958,13:46:39,10.42,-0.05,107,111753,卖盘
1959,13:46:42,10.43,0.01,24,25032,买盘
1960,13:46:45,10.44,0.01,103,107703,买盘
1961,13:46:48,10.44,0.0,67,70069,卖盘
1962,13:46:51,10.48,0.04,53,55486,买盘
1963,13:46:57,10.47,-0.01,101,105697,买盘
1964,13:47:00,10.43,-0.04,101,105390,卖盘
1965,13:47:04,10.46,0.03,5,5230,卖盘
1966,13:47:06,10.47,0.01,37,38739,买盘
1967,13:47:09,10.45,-0.02,32,33467,卖盘
1968,13:47:12,10.46,0.01,2,2092,买盘
1969,13:47:18,10.46,0.0,31,32426,买盘
1970,13:47:21,10.45,-0.01,25,26125,卖盘
1971,13:47:28,10.45,0.0,4,4180,卖盘
1972,13:47:30,10.47,0.02,107,111995,买盘
1973,13:47:33,10.44,-0.03,5,5221,卖盘
1974,13:47:36,10.45,0.01,13,13585,买盘
1975,13:47:42,10.44,-0.01,30,31320,卖盘
1976,13:47:45,10.44,0.0,4,4176,卖盘
1977,13:47:48,10.44,0.0,4,4176,买盘
1978,13:47:54,10.44,0.0,2,2087,买盘
1979,13:47:57,10.43,-0.01,5,5215,卖盘
1980,13:48:04,10.43,0.0,4,4172,卖盘
1981,13:48:12,10.4,-0.03,90,93691,卖盘
1982,13:48:18,10.4,0.0,92,95721,卖盘
1983,13:48:27,10.4,0.0,96,99873,卖盘
1984,13:48:30,10.4,0.0,1,1040,买盘
1985,13:48:33,10.38,-0.02,5,5190,卖盘
1986,13:48:39,10.38,0.0,6,6228,卖盘
1987,13:48:42,10.38,0.0,6,6228,买盘
1988,13:48:45,10.35,-0.03,63,65257,卖盘
1989,13:48:48,10.4,0.05,38,39335,买盘
1990,13:48:51,10.4,0.0,44,45760,买盘
1991,13:48:54,10.37,-0.03,1,1037,卖盘
1992,13:49:04,10.39,0.02,8,8310,买盘
1993,13:49:15,10.36,-0.03,135,140060,卖盘
1994,13:49:18,10.37,0.01,19,19707,卖盘
1995,13:49:21,10.4,0.03,301,312911,买盘
1996,13:49:27,10.38,-0.02,31,32186,卖盘
1997,13:49:30,10.38,0.0,2,2076,买盘
1998,13:49:42,10.39,0.01,120,124610,买盘
1999,13:49:45,10.4,0.01,51,53040,买盘
2000,13:49:48,10.39,-0.01,33,34319,卖盘
2001,13:49:54,10.39,0.0,10,10390,买盘
2002,13:50:04,10.38,-0.01,20,20760,卖盘
2003,13:50:06,10.39,0.01,3,3117,买盘
2004,13:50:09,10.38,-0.01,5,5190,卖盘
2005,13:50:12,10.38,0.0,15,15570,卖盘
2006,13:50:18,10.38,0.0,5,5190,买盘
2007,13:50:24,10.37,-0.01,13,13481,卖盘
2008,13:50:27,10.35,-0.02,5,5179,卖盘
2009,13:50:30,10.37,0.02,26,26962,买盘
2010,13:50:33,10.37,0.0,11,11407,卖盘
2011,13:50:36,10.37,0.0,91,94367,卖盘
2012,13:50:39,10.38,0.01,8,8304,买盘
2013,13:50:45,10.37,-0.01,14,14518,卖盘
2014,13:50:51,10.35,-0.02,30,31050,卖盘
2015,13:50:54,10.37,0.02,1,1037,买盘
2016,13:50:57,10.35,-0.02,10,10350,卖盘
2017,13:51:06,10.35,0.0,8,8280,买盘
2018,13:51:15,10.35,0.0,20,20700,卖盘
2019,13:51:18,10.35,0.0,1,1035,卖盘
2020,13:51:21,10.34,-0.01,214,221521,卖盘
2021,13:51:27,10.35,0.01,30,31058,买盘
2022,13:51:30,10.35,0.0,5,5175,卖盘
2023,13:51:34,10.35,0.0,7,7245,卖盘
2024,13:51:42,10.36,0.01,2,2072,买盘
2025,13:51:45,10.39,0.03,171,177339,买盘
2026,13:51:48,10.39,0.0,13,13507,买盘
2027,13:51:51,10.38,-0.01,45,46720,卖盘
2028,13:51:57,10.39,0.01,14,14546,买盘
2029,13:52:09,10.39,0.0,15,15585,买盘
2030,13:52:15,10.38,-0.01,48,49824,卖盘
2031,13:52:18,10.38,0.0,15,15575,卖盘
2032,13:52:30,10.37,-0.01,11,11407,卖盘
2033,13:52:39,10.36,-0.01,6,6216,买盘
2034,13:52:48,10.36,0.0,12,12432,买盘
2035,13:52:51,10.35,-0.01,27,27945,卖盘
2036,13:53:00,10.34,-0.01,37,38258,卖盘
2037,13:53:04,10.35,0.01,97,100353,买盘
2038,13:53:09,10.37,0.02,200,207088,买盘
2039,13:53:12,10.36,-0.01,1,1036,卖盘
2040,13:53:18,10.36,0.0,16,16576,卖盘
2041,13:53:21,10.36,0.0,3,3108,买盘
2042,13:53:24,10.35,-0.01,7,7245,卖盘
2043,13:53:27,10.39,0.04,229,237595,买盘
2044,13:53:30,10.36,-0.03,23,23847,卖盘
2045,13:53:33,10.36,0.0,1,1036,买盘
2046,13:53:36,10.36,0.0,7,7252,买盘
2047,13:53:39,10.35,-0.01,20,20703,卖盘
2048,13:53:42,10.36,0.01,5,5180,卖盘
2049,13:53:48,10.36,0.0,14,14504,卖盘
2050,13:53:51,10.34,-0.02,50,51750,卖盘
2051,13:54:00,10.31,-0.03,100,103328,卖盘
2052,13:54:12,10.3,-0.01,100,103058,卖盘
2053,13:54:18,10.29,-0.01,100,102926,卖盘
2054,13:54:21,10.29,0.0,58,59682,卖盘
2055,13:54:24,10.29,0.0,4,4116,买盘
2056,13:54:30,10.28,-0.01,100,102910,卖盘
2057,13:54:33,10.3,0.02,1,1030,中性盘
2058,13:54:36,10.31,0.01,1,1031,中性盘
2059,13:54:39,10.31,0.0,3,3093,中性盘
2060,13:54:48,10.32,0.01,1,1032,卖盘
2061,13:54:51,10.32,0.0,17,17589,卖盘
2062,13:54:54,10.33,0.01,4,4132,买盘
2063,13:54:57,10.33,0.0,3,3099,买盘
2064,13:55:04,10.36,0.03,37,38285,买盘
2065,13:55:12,10.36,0.0,102,105188,买盘
2066,13:55:15,10.36,0.0,3,3108,卖盘
2067,13:55:18,10.36,0.0,1,1036,买盘
2068,13:55:21,10.36,0.0,3,3108,中性盘
2069,13:55:24,10.28,-0.08,100,102909,卖盘
2070,13:55:30,10.35,0.07,7,7245,买盘
2071,13:55:33,10.37,0.02,100,103545,买盘
2072,13:55:42,10.28,-0.09,100,103046,卖盘
2073,13:55:48,10.37,0.09,103,106751,买盘
2074,13:55:52,10.35,-0.02,2,2070,卖盘
2075,13:56:00,10.3,-0.05,100,103013,卖盘
2076,13:56:06,10.31,0.01,3,3093,中性盘
2077,13:56:09,10.26,-0.05,434,446572,卖盘
2078,13:56:12,10.35,0.09,100,103444,买盘
2079,13:56:18,10.32,-0.03,30,30946,买盘
2080,13:56:24,10.27,-0.05,10,10270,卖盘
2081,13:56:30,10.32,0.05,27,27864,买盘
2082,13:56:57,10.32,0.0,130,134160,卖盘
2083,13:57:00,10.32,0.0,46,47472,卖盘
2084,13:57:09,10.31,-0.01,1,1031,卖盘
2085,13:57:12,10.31,0.0,2,2062,卖盘
2086,13:57:15,10.31,0.0,1,1031,卖盘
2087,13:57:24,10.3,-0.01,50,51500,卖盘
2088,13:57:27,10.3,0.0,1,1030,卖盘
2089,13:57:36,10.29,-0.01,74,76153,卖盘
2090,13:57:39,10.32,0.03,117,120681,买盘
2091,13:57:51,10.32,0.0,41,42313,卖盘
2092,13:58:00,10.32,0.0,13,13416,卖盘
2093,13:58:04,10.32,0.0,30,30960,卖盘
2094,13:58:15,10.32,0.0,4,4128,买盘
2095,13:58:18,10.33,0.01,7,7229,买盘
2096,13:58:21,10.32,-0.01,2,2064,买盘
2097,13:58:30,10.28,-0.04,160,164816,卖盘
2098,13:58:39,10.33,0.05,49,50571,买盘
2099,13:58:42,10.31,-0.02,167,172345,卖盘
2100,13:58:45,10.31,0.0,16,16496,卖盘
2101,13:58:51,10.31,0.0,7,7217,卖盘
2102,13:58:54,10.28,-0.03,160,164482,卖盘
2103,13:59:00,10.27,-0.01,150,154187,卖盘
2104,13:59:04,10.29,0.02,4,4116,卖盘
2105,13:59:06,10.32,0.03,286,294440,买盘
2106,13:59:09,10.32,0.0,14,14448,卖盘
2107,13:59:18,10.27,-0.05,130,133590,卖盘
2108,13:59:36,10.31,0.04,110,113360,买盘
2109,13:59:39,10.31,0.0,30,30930,卖盘
2110,13:59:42,10.31,0.0,60,61860,卖盘
2111,13:59:45,10.32,0.01,128,132030,买盘
2112,13:59:48,10.33,0.01,3,3099,买盘
2113,13:59:51,10.33,0.0,19,19627,买盘
2114,13:59:54,10.32,-0.01,304,313732,卖盘
2115,13:59:57,10.32,0.0,64,66052,卖盘
2116,14:00:04,10.32,0.0,12,12384,卖盘
2117,14:00:09,10.3,-0.02,9,9270,卖盘
2118,14:00:15,10.33,0.03,99,102233,买盘
2119,14:00:18,10.33,0.0,12,12396,卖盘
2120,14:00:21,10.33,0.0,39,40287,卖盘
2121,14:00:36,10.29,-0.04,98,100842,卖盘
2122,14:00:39,10.28,-0.01,1,1028,卖盘
2123,14:00:45,10.29,0.01,7,7203,买盘
2124,14:00:48,10.28,-0.01,34,34956,卖盘
2125,14:00:51,10.29,0.01,38,39085,买盘
2126,14:00:54,10.29,0.0,1,1029,卖盘
2127,14:01:00,10.26,-0.03,100,102736,卖盘
2128,14:01:06,10.31,0.05,150,154475,买盘
2129,14:01:18,10.25,-0.06,100,102646,卖盘
2130,14:01:45,10.26,0.01,1,1026,卖盘
2131,14:01:51,10.28,0.02,1,1028,中性盘
2132,14:02:04,10.26,-0.02,100,102600,卖盘
2133,14:02:15,10.26,0.0,11,11286,卖盘
2134,14:02:18,10.26,0.0,15,15415,卖盘
2135,14:02:21,10.25,-0.01,101,103553,卖盘
2136,14:02:27,10.21,-0.04,200,204646,卖盘
2137,14:02:42,10.22,0.01,2,2044,卖盘
2138,14:02:45,10.22,0.0,136,138992,卖盘
2139,14:02:48,10.22,0.0,110,112420,买盘
2140,14:02:51,10.22,0.0,54,55188,买盘
2141,14:02:57,10.22,0.0,146,149260,卖盘
2142,14:03:00,10.22,0.0,3,3066,买盘
2143,14:03:03,10.22,0.0,18,18396,买盘
2144,14:03:06,10.21,-0.01,146,149115,卖盘
2145,14:03:09,10.22,0.01,4,4088,卖盘
2146,14:03:15,10.22,0.0,3,3066,卖盘
2147,14:03:18,10.23,0.01,2,2046,中性盘
2148,14:03:24,10.22,-0.01,28,28616,卖盘
2149,14:03:27,10.22,0.0,226,231017,卖盘
2150,14:03:33,10.23,0.01,109,111433,买盘
2151,14:03:42,10.24,0.01,1,1024,买盘
2152,14:03:45,10.24,0.0,23,23552,买盘
2153,14:03:51,10.22,-0.02,300,306629,卖盘
2154,14:03:54,10.23,0.01,18,18414,卖盘
2155,14:03:57,10.24,0.01,4,4096,买盘
2156,14:04:00,10.24,0.0,11,11264,买盘
2157,14:04:12,10.22,-0.02,200,204467,卖盘
2158,14:04:15,10.24,0.02,2,2047,买盘
2159,14:04:21,10.22,-0.02,87,88921,卖盘
2160,14:04:24,10.22,0.0,2,2044,卖盘
2161,14:04:27,10.21,-0.01,130,132730,卖盘
2162,14:04:30,10.21,0.0,53,54118,卖盘
2163,14:04:33,10.22,0.01,74,75522,买盘
2164,14:04:36,10.22,0.0,15,15330,卖盘
2165,14:04:39,10.22,0.0,24,24528,卖盘
2166,14:04:42,10.22,0.0,29,29638,卖盘
2167,14:04:48,10.25,0.03,202,207399,买盘
2168,14:04:51,10.25,0.0,2,1538,卖盘
2169,14:05:04,10.24,-0.01,4,4096,中性盘
2170,14:05:06,10.21,-0.03,10,10222,卖盘
2171,14:05:12,10.22,0.01,1,1022,卖盘
2172,14:05:36,10.25,0.03,2,2050,买盘
2173,14:05:42,10.24,-0.01,3,3072,卖盘
2174,14:05:48,10.22,-0.02,30,30662,卖盘
2175,14:05:51,10.21,-0.01,51,52095,卖盘
2176,14:06:00,10.2,-0.01,100,102096,卖盘
2177,14:06:12,10.2,0.0,10,10200,卖盘
2178,14:06:18,10.2,0.0,119,121385,卖盘
2179,14:06:21,10.2,0.0,1,1020,卖盘
2180,14:06:30,10.21,0.01,1,1021,卖盘
2181,14:06:33,10.22,0.01,5,5109,买盘
2182,14:06:39,10.21,-0.01,10,10210,卖盘
2183,14:06:45,10.21,0.0,10,10210,卖盘
2184,14:06:48,10.21,0.0,16,16336,买盘
2185,14:06:51,10.2,-0.01,74,75487,卖盘
2186,14:07:00,10.21,0.01,1,1021,中性盘
2187,14:07:04,10.21,0.0,3,3063,卖盘
2188,14:07:06,10.21,0.0,3,3063,卖盘
2189,14:07:15,10.21,0.0,1,1021,买盘
2190,14:07:30,10.21,0.0,2,2042,卖盘
2191,14:07:42,10.22,0.01,3,3066,买盘
2192,14:07:45,10.22,0.0,19,19418,买盘
2193,14:07:48,10.22,0.0,8,8176,买盘
2194,14:07:51,10.22,0.0,5,5110,买盘
2195,14:07:54,10.22,0.0,1,1022,买盘
2196,14:08:06,10.24,0.02,65,66517,买盘
2197,14:08:09,10.24,0.0,4,4096,卖盘
2198,14:08:24,10.22,-0.02,400,408852,卖盘
2199,14:08:30,10.25,0.03,6,6150,买盘
2200,14:08:51,10.21,-0.04,452,461845,卖盘
2201,14:09:00,10.22,0.01,4,4090,中性盘
2202,14:09:04,10.21,-0.01,276,281824,卖盘
2203,14:09:24,10.21,0.0,200,204200,卖盘
2204,14:09:45,10.21,0.0,8,8168,卖盘
2205,14:09:48,10.21,0.0,61,62281,卖盘
2206,14:09:57,10.22,0.01,10,10214,买盘
2207,14:10:06,10.22,0.0,14,14308,买盘
2208,14:10:15,10.22,0.0,3,3070,卖盘
2209,14:10:39,10.22,0.0,88,89936,卖盘
2210,14:10:45,10.22,0.0,12,12264,买盘
2211,14:10:51,10.2,-0.02,70,71486,卖盘
2212,14:11:09,10.23,0.03,1,1023,买盘
2213,14:11:18,10.2,-0.03,60,61200,卖盘
2214,14:11:21,10.21,0.01,3,3063,买盘
2215,14:11:42,10.2,-0.01,50,51000,卖盘
2216,14:11:48,10.2,0.0,21,21459,卖盘
2217,14:11:51,10.21,0.01,2,2042,买盘
2218,14:11:54,10.19,-0.02,50,50957,卖盘
2219,14:12:00,10.2,0.01,3,3062,卖盘
2220,14:12:04,10.2,0.0,17,17340,卖盘
2221,14:12:06,10.2,0.0,39,39780,卖盘
2222,14:12:12,10.2,0.0,14,14280,卖盘
2223,14:12:15,10.2,0.0,18,18360,卖盘
2224,14:12:21,10.2,0.0,17,17340,买盘
2225,14:12:24,10.15,-0.05,400,406690,卖盘
2226,14:12:27,10.2,0.05,32,32640,卖盘
2227,14:12:33,10.15,-0.05,300,304588,卖盘
2228,14:12:48,10.17,0.02,1,1017,买盘
2229,14:12:51,10.15,-0.02,200,203022,卖盘
2230,14:13:00,10.15,0.0,32,32480,卖盘
2231,14:13:03,10.16,0.01,3,3048,卖盘
2232,14:13:06,10.17,0.01,11,11182,买盘
2233,14:13:09,10.17,0.0,8,8136,卖盘
2234,14:13:12,10.18,0.01,3,3054,买盘
2235,14:13:18,10.18,0.0,15,15270,买盘
2236,14:13:21,10.18,0.0,22,22396,买盘
2237,14:13:27,10.17,-0.01,50,50855,卖盘
2238,14:13:33,10.16,-0.01,450,457508,卖盘
2239,14:13:36,10.19,0.03,37,37694,买盘
2240,14:13:39,10.18,-0.01,49,49914,卖盘
2241,14:13:45,10.18,0.0,281,285533,买盘
2242,14:13:51,10.19,0.01,5,5095,卖盘
2243,14:13:54,10.19,0.0,55,56045,卖盘
2244,14:14:00,10.2,0.01,198,201911,买盘
2245,14:14:04,10.2,0.0,3,3060,卖盘
2246,14:14:09,10.21,0.01,136,138806,买盘
2247,14:14:12,10.21,0.0,27,27584,卖盘
2248,14:14:15,10.21,0.0,104,106188,卖盘
2249,14:14:24,10.22,0.01,3,3066,买盘
2250,14:14:27,10.2,-0.02,90,91835,卖盘
2251,14:14:36,10.2,0.0,66,67320,卖盘
2252,14:14:39,10.2,0.0,28,28560,卖盘
2253,14:14:42,10.18,-0.02,80,81444,卖盘
2254,14:14:48,10.17,-0.01,280,284801,卖盘
2255,14:15:00,10.19,0.02,18,18325,买盘
2256,14:15:04,10.19,0.0,2,2038,卖盘
2257,14:15:06,10.18,-0.01,21,21378,卖盘
2258,14:15:09,10.18,0.0,38,38708,卖盘
2259,14:15:12,10.18,0.0,6,6108,买盘
2260,14:15:15,10.18,0.0,40,40720,卖盘
2261,14:15:21,10.19,0.01,8,8146,买盘
2262,14:15:24,10.17,-0.02,72,73242,卖盘
2263,14:15:30,10.16,-0.01,140,142283,卖盘
2264,14:15:36,10.15,-0.01,171,173673,卖盘
2265,14:15:42,10.15,0.0,22,22330,卖盘
2266,14:15:45,10.16,0.01,4,4064,买盘
2267,14:15:48,10.16,0.0,16,16242,买盘
2268,14:15:51,10.17,0.01,3,3051,卖盘
2269,14:15:54,10.17,0.0,15,15255,卖盘
2270,14:15:57,10.17,0.0,16,16271,买盘
2271,14:16:04,10.16,-0.01,27,27432,卖盘
2272,14:16:09,10.15,-0.01,70,71077,卖盘
2273,14:16:12,10.17,0.02,10,10169,买盘
2274,14:16:18,10.17,0.0,21,21355,买盘
2275,14:16:24,10.16,-0.01,5,5080,卖盘
2276,14:16:30,10.16,0.0,4,4064,卖盘
2277,14:16:33,10.16,0.0,53,53848,买盘
2278,14:16:36,10.16,0.0,1,1016,卖盘
2279,14:16:39,10.16,0.0,10,10160,卖盘
2280,14:16:42,10.16,0.0,5,5080,买盘
2281,14:16:45,10.16,0.0,4,4064,买盘
2282,14:16:51,10.15,-0.01,68,69020,卖盘
2283,14:16:57,10.15,0.0,2,2030,买盘
2284,14:17:00,10.14,-0.01,78,79092,卖盘
2285,14:17:07,10.15,0.01,39,39549,买盘
2286,14:17:21,10.13,-0.02,70,70910,卖盘
2287,14:17:33,10.15,0.02,101,102515,买盘
2288,14:17:36,10.15,0.0,13,13195,买盘
2289,14:17:42,10.15,0.0,10,10150,卖盘
2290,14:17:45,10.13,-0.02,150,151980,卖盘
2291,14:17:49,10.16,0.03,64,65024,买盘
2292,14:18:04,10.16,0.0,50,50799,买盘
2293,14:18:06,10.13,-0.03,100,101363,卖盘
2294,14:18:09,10.15,0.02,13,13195,中性盘
2295,14:18:12,10.16,0.01,31,31494,买盘
2296,14:18:27,10.14,-0.02,70,71057,卖盘
2297,14:18:33,10.13,-0.01,120,121623,卖盘
2298,14:18:39,10.13,0.0,16,16208,卖盘
2299,14:18:45,10.14,0.01,30,30420,卖盘
2300,14:18:51,10.14,0.0,80,81120,卖盘
2301,14:18:57,10.13,-0.01,100,101329,卖盘
2302,14:19:04,10.13,0.0,3,3039,卖盘
2303,14:19:06,10.13,0.0,62,62806,卖盘
2304,14:19:09,10.13,0.0,5,5065,买盘
2305,14:19:15,10.12,-0.01,3,3036,卖盘
2306,14:19:18,10.12,0.0,8,8097,卖盘
2307,14:19:21,10.13,0.01,78,79014,买盘
2308,14:19:24,10.13,0.0,20,20260,卖盘
2309,14:19:27,10.13,0.0,6,6078,卖盘
2310,14:19:30,10.13,0.0,4,4052,卖盘
2311,14:19:33,10.13,0.0,11,11143,卖盘
2312,14:19:57,10.13,0.0,1,1013,卖盘
2313,14:20:06,10.13,0.0,1,1013,卖盘
2314,14:20:09,10.14,0.01,4,4056,买盘
2315,14:20:18,10.14,0.0,10,10140,卖盘
2316,14:20:30,10.14,0.0,10,10140,卖盘
2317,14:20:39,10.13,-0.01,226,228949,卖盘
2318,14:20:51,10.15,0.02,19,19285,买盘
2319,14:21:15,10.14,-0.01,11,11164,卖盘
2320,14:21:21,10.14,0.0,1,1014,卖盘
2321,14:21:30,10.16,0.02,3,3048,买盘
2322,14:21:36,10.15,-0.01,1,1015,卖盘
2323,14:21:39,10.16,0.01,3,3048,买盘
2324,14:21:45,10.13,-0.03,60,60795,卖盘
2325,14:21:51,10.13,0.0,60,60780,卖盘
2326,14:21:57,10.13,0.0,9,9117,卖盘
2327,14:22:06,10.15,0.02,25,25369,买盘
2328,14:22:09,10.13,-0.02,24,24312,卖盘
2329,14:22:12,10.13,0.0,10,10130,买盘
2330,14:22:24,10.12,-0.01,20,20240,卖盘
2331,14:22:33,10.12,0.0,42,42504,卖盘
2332,14:22:39,10.12,0.0,10,10120,卖盘
2333,14:22:54,10.12,0.0,6,6075,卖盘
2334,14:22:57,10.15,0.03,126,127850,买盘
2335,14:23:04,10.14,-0.01,3,3042,买盘
2336,14:23:06,10.14,0.0,12,12168,买盘
2337,14:23:12,10.14,0.0,7,7103,卖盘
2338,14:23:18,10.12,-0.02,50,50629,卖盘
2339,14:23:27,10.13,0.01,1,1013,买盘
2340,14:23:33,10.11,-0.02,60,60710,卖盘
2341,14:23:42,10.11,0.0,1,1011,卖盘
2342,14:23:48,10.11,0.0,40,40470,卖盘
2343,14:23:54,10.11,0.0,3,3033,卖盘
2344,14:23:57,10.11,0.0,1,1011,卖盘
2345,14:24:00,10.11,0.0,94,95034,卖盘
2346,14:24:04,10.11,0.0,36,36396,卖盘
2347,14:24:09,10.1,-0.01,2,2020,卖盘
2348,14:24:12,10.1,0.0,2,2020,卖盘
2349,14:24:15,10.1,0.0,47,47470,卖盘
2350,14:24:18,10.1,0.0,33,33330,卖盘
2351,14:24:21,10.1,0.0,3,3030,卖盘
2352,14:24:24,10.1,0.0,152,153520,卖盘
2353,14:24:27,10.09,-0.01,190,191790,卖盘
2354,14:24:30,10.09,0.0,30,30270,卖盘
2355,14:24:33,10.1,0.01,2,2020,买盘
2356,14:24:36,10.09,-0.01,3,3027,卖盘
2357,14:24:42,10.09,0.0,9,9081,卖盘
2358,14:24:45,10.1,0.01,32,32312,买盘
2359,14:24:51,10.08,-0.02,94,94844,卖盘
2360,14:24:54,10.09,0.01,4,4036,买盘
2361,14:24:57,10.09,0.0,85,85765,买盘
2362,14:25:04,10.08,-0.01,19,19152,卖盘
2363,14:25:12,10.08,0.0,3,3024,卖盘
2364,14:25:15,10.08,0.0,20,20160,卖盘
2365,14:25:18,10.09,0.01,171,172538,买盘
2366,14:25:21,10.1,0.01,158,159530,买盘
2367,14:25:24,10.1,0.0,9,9090,买盘
2368,14:25:27,10.09,-0.01,29,29262,卖盘
2369,14:25:30,10.09,0.0,5,5045,卖盘
2370,14:25:36,10.09,0.0,24,24216,卖盘
2371,14:25:39,10.1,0.01,171,172680,买盘
2372,14:25:42,10.09,-0.01,5,5045,卖盘
2373,14:25:57,10.1,0.01,10,10100,买盘
2374,14:26:09,10.1,0.0,41,41409,买盘
2375,14:26:12,10.1,0.0,463,467330,买盘
2376,14:26:15,10.09,-0.01,47,47425,卖盘
2377,14:26:18,10.1,0.01,444,448751,买盘
2378,14:26:24,10.11,0.01,1,1011,买盘
2379,14:26:27,10.11,0.0,1,1011,买盘
2380,14:26:30,10.11,0.0,1,1011,买盘
2381,14:26:33,10.11,0.0,4,4044,买盘
2382,14:26:36,10.11,0.0,1,1011,买盘
2383,14:26:39,10.11,0.0,1,1011,买盘
2384,14:27:04,10.12,0.01,7,7084,卖盘
2385,14:27:06,10.11,-0.01,52,52575,卖盘
2386,14:27:12,10.12,0.01,2,2024,买盘
2387,14:27:18,10.12,0.0,3,3036,买盘
2388,14:27:24,10.13,0.01,4,4052,买盘
2389,14:27:30,10.13,0.0,1,1013,买盘
2390,14:27:45,10.14,0.01,8,8112,买盘
2391,14:28:00,10.14,0.0,10,10140,买盘
2392,14:28:04,10.14,0.0,40,40560,买盘
2393,14:28:18,10.15,0.01,105,106498,买盘
2394,14:28:21,10.15,0.0,26,26390,买盘
2395,14:28:27,10.17,0.02,80,81360,买盘
2396,14:28:33,10.17,0.0,44,44759,卖盘
2397,14:28:36,10.18,0.01,139,141502,买盘
2398,14:28:45,10.19,0.01,4,4076,买盘
2399,14:28:51,10.19,0.0,1,1019,买盘
2400,14:28:54,10.19,0.0,10,10190,买盘
2401,14:28:57,10.19,0.0,5,5095,买盘
2402,14:29:06,10.18,-0.01,102,103836,卖盘
2403,14:29:09,10.18,0.0,37,37666,卖盘
2404,14:29:15,10.14,-0.04,100,101518,卖盘
2405,14:29:24,10.19,0.05,129,130860,买盘
2406,14:29:27,10.15,-0.04,19,19802,卖盘
2407,14:29:30,10.15,0.0,40,40600,买盘
2408,14:29:48,10.15,0.0,40,40600,买盘
2409,14:30:04,10.14,-0.01,10,10140,买盘
2410,14:30:06,10.13,-0.01,107,108542,卖盘
2411,14:30:24,10.13,0.0,2,2026,买盘
2412,14:30:27,10.12,-0.01,10,10122,卖盘
2413,14:30:39,10.12,0.0,23,23276,卖盘
2414,14:30:42,10.12,0.0,1,1012,卖盘
2415,14:31:04,10.12,0.0,26,26312,卖盘
2416,14:31:09,10.14,0.02,26,26361,买盘
2417,14:31:18,10.15,0.01,91,92343,买盘
2418,14:31:21,10.15,0.0,2,2030,买盘
2419,14:31:24,10.16,0.01,63,63966,买盘
2420,14:31:27,10.16,0.0,1,1016,买盘
2421,14:31:30,10.15,-0.01,3,3047,卖盘
2422,14:31:39,10.16,0.01,9,9144,买盘
2423,14:31:42,10.15,-0.01,97,98455,卖盘
2424,14:31:45,10.16,0.01,49,49742,买盘
2425,14:31:48,10.14,-0.02,13,13187,卖盘
2426,14:31:51,10.16,0.02,52,52828,买盘
2427,14:31:57,10.16,0.0,11,11176,卖盘
2428,14:32:04,10.18,0.02,60,61077,买盘
2429,14:32:21,10.18,0.0,1,1018,买盘
2430,14:32:36,10.18,0.0,12,12216,买盘
2431,14:32:39,10.18,0.0,5,5090,买盘
2432,14:32:42,10.19,0.01,138,140612,买盘
2433,14:32:45,10.19,0.0,1,1019,卖盘
2434,14:32:54,10.2,0.01,120,122400,买盘
2435,14:33:04,10.2,0.0,4,4082,卖盘
2436,14:33:06,10.22,0.02,20,20440,买盘
2437,14:33:09,10.22,0.0,100,102200,买盘
2438,14:33:12,10.22,0.0,35,35775,卖盘
2439,14:33:24,10.22,0.0,50,51100,卖盘
2440,14:33:33,10.22,0.0,82,83804,卖盘
2441,14:33:45,10.22,0.0,1,1022,买盘
2442,14:33:48,10.2,-0.02,3,3060,卖盘
2443,14:33:51,10.22,0.02,8,8176,买盘
2444,14:33:54,10.2,-0.02,51,52020,卖盘
2445,14:33:57,10.19,-0.01,1,1019,卖盘
2446,14:34:00,10.2,0.01,18,18360,买盘
2447,14:34:06,10.2,0.0,4,4079,买盘
2448,14:34:21,10.2,0.0,5,5100,买盘
2449,14:34:30,10.2,0.0,1,1020,卖盘
2450,14:34:39,10.2,0.0,11,11220,卖盘
2451,14:34:51,10.2,0.0,1,1020,卖盘
2452,14:34:57,10.2,0.0,3,3060,卖盘
2453,14:35:04,10.2,0.0,4,4080,卖盘
2454,14:35:09,10.21,0.01,22,22462,买盘
2455,14:35:21,10.2,-0.01,34,34680,卖盘
2456,14:35:36,10.2,0.0,31,31620,卖盘
2457,14:35:42,10.19,-0.01,40,40760,卖盘
2458,14:35:48,10.16,-0.03,50,50858,卖盘
2459,14:35:51,10.16,0.0,100,101635,卖盘
2460,14:35:54,10.19,0.03,30,30570,买盘
2461,14:36:06,10.18,-0.01,10,10180,买盘
2462,14:36:15,10.18,0.0,30,30565,卖盘
2463,14:36:18,10.18,0.0,2,2036,买盘
2464,14:36:24,10.18,0.0,1,1018,买盘
2465,14:36:48,10.19,0.01,5,5092,买盘
2466,14:36:51,10.18,-0.01,12,12216,卖盘
2467,14:37:00,10.18,0.0,11,11198,卖盘
2468,14:37:04,10.18,0.0,3,3054,卖盘
2469,14:37:18,10.2,0.02,22,22437,买盘
2470,14:37:24,10.18,-0.02,30,30540,卖盘
2471,14:37:39,10.18,0.0,30,30540,卖盘
2472,14:37:48,10.19,0.01,53,54007,买盘
2473,14:38:04,10.19,0.0,1,1019,卖盘
2474,14:38:39,10.19,0.0,24,24456,买盘
2475,14:38:42,10.19,0.0,9,9171,买盘
2476,14:38:45,10.19,0.0,2,2038,买盘
2477,14:38:48,10.19,0.0,3,3057,买盘
2478,14:38:54,10.19,0.0,14,14266,买盘
2479,14:38:57,10.19,0.0,2,2038,买盘
2480,14:39:00,10.18,-0.01,14,14252,卖盘
2481,14:39:04,10.18,0.0,2,2036,卖盘
2482,14:39:18,10.18,0.0,9,9162,卖盘
2483,14:39:21,10.19,0.01,19,19361,买盘
2484,14:39:48,10.19,0.0,42,42798,买盘
2485,14:39:51,10.19,0.0,25,25475,买盘
2486,14:40:00,10.19,0.0,11,11209,卖盘
2487,14:40:04,10.19,0.0,3,3057,卖盘
2488,14:40:06,10.19,0.0,21,21399,卖盘
2489,14:40:09,10.19,0.0,132,134610,卖盘
2490,14:40:12,10.2,0.01,2,2040,买盘
2491,14:40:15,10.2,0.0,1,1020,卖盘
2492,14:40:18,10.19,-0.01,90,91723,卖盘
2493,14:40:39,10.19,0.0,32,32608,卖盘
2494,14:40:42,10.19,0.0,20,20380,买盘
2495,14:40:51,10.19,0.0,5,5095,卖盘
2496,14:40:54,10.19,0.0,28,28532,卖盘
2497,14:40:57,10.19,0.0,13,13247,买盘
2498,14:41:00,10.18,-0.01,80,81508,卖盘
2499,14:41:04,10.18,0.0,6,6108,卖盘
2500,14:41:09,10.18,0.0,30,30540,卖盘
2501,14:41:12,10.18,0.0,17,17306,卖盘
2502,14:41:15,10.18,0.0,3,3054,卖盘
2503,14:41:18,10.18,0.0,9,9162,卖盘
2504,14:41:27,10.16,-0.02,50,50876,卖盘
2505,14:41:31,10.2,0.04,100,101783,买盘
2506,14:41:33,10.16,-0.04,2,2032,卖盘
2507,14:41:45,10.2,0.04,60,61190,买盘
2508,14:41:48,10.2,0.0,40,40800,卖盘
2509,14:42:00,10.2,0.0,5,5100,买盘
2510,14:42:06,10.18,-0.02,3,3054,卖盘
2511,14:42:09,10.2,0.02,20,20347,买盘
2512,14:42:15,10.21,0.01,100,102074,买盘
2513,14:42:30,10.16,-0.05,100,101600,卖盘
2514,14:42:39,10.2,0.04,40,40797,买盘
2515,14:42:51,10.2,0.0,1,1020,买盘
2516,14:42:54,10.2,0.0,141,143690,买盘
2517,14:43:04,10.19,-0.01,30,30570,卖盘
2518,14:43:07,10.19,0.0,20,20380,卖盘
2519,14:43:10,10.16,-0.03,47,47828,卖盘
2520,14:43:18,10.16,0.0,50,50800,卖盘
2521,14:43:31,10.16,0.0,3,3048,卖盘
2522,14:43:33,10.18,0.02,100,101747,买盘
2523,14:43:39,10.18,0.0,4,4072,买盘
2524,14:43:45,10.18,0.0,2,2036,中性盘
2525,14:43:57,10.18,0.0,3,3054,卖盘
2526,14:44:04,10.18,0.0,16,16288,卖盘
2527,14:44:21,10.18,0.0,5,5090,买盘
2528,14:44:24,10.16,-0.02,34,34544,卖盘
2529,14:44:33,10.16,0.0,3,3048,卖盘
2530,14:44:39,10.16,0.0,15,15240,卖盘
2531,14:44:45,10.13,-0.03,20,20284,卖盘
2532,14:44:51,10.16,0.03,15,15240,买盘
2533,14:44:54,10.15,-0.01,3,3045,中性盘
2534,14:44:57,10.16,0.01,15,15240,买盘
2535,14:45:00,10.16,0.0,17,17272,买盘
2536,14:45:04,10.16,0.0,2,2032,卖盘
2537,14:45:09,10.18,0.02,42,42731,买盘
2538,14:45:12,10.18,0.0,18,18324,买盘
2539,14:45:36,10.18,0.0,20,20360,卖盘
2540,14:45:39,10.18,0.0,37,37666,卖盘
2541,14:46:00,10.18,0.0,4,4072,卖盘
2542,14:46:04,10.18,0.0,25,25450,买盘
2543,14:46:06,10.18,0.0,5,5090,卖盘
2544,14:46:09,10.19,0.01,100,101900,买盘
2545,14:46:21,10.18,-0.01,10,10180,卖盘
2546,14:46:27,10.18,0.0,40,40720,卖盘
2547,14:46:36,10.18,0.0,56,57008,卖盘
2548,14:46:45,10.18,0.0,1,1018,卖盘
2549,14:46:48,10.18,0.0,10,10185,卖盘
2550,14:46:54,10.18,0.0,15,15270,卖盘
2551,14:46:57,10.18,0.0,11,11198,卖盘
2552,14:47:00,10.19,0.01,1,1019,买盘
2553,14:47:07,10.18,-0.01,34,34612,卖盘
2554,14:47:09,10.17,-0.01,3,3051,卖盘
2555,14:47:12,10.17,0.0,5,5085,卖盘
2556,14:47:15,10.17,0.0,2,2034,卖盘
2557,14:47:18,10.17,0.0,10,10170,卖盘
2558,14:47:21,10.17,0.0,11,11187,卖盘
2559,14:47:30,10.18,0.01,22,22379,买盘
2560,14:47:36,10.17,-0.01,8,8136,卖盘
2561,14:47:42,10.18,0.01,20,20360,买盘
2562,14:47:45,10.18,0.0,53,53903,买盘
2563,14:47:48,10.17,-0.01,15,15255,卖盘
2564,14:47:54,10.17,0.0,3,3051,卖盘
2565,14:48:04,10.17,0.0,2,2034,卖盘
2566,14:48:09,10.17,0.0,1,1017,卖盘
2567,14:48:12,10.17,0.0,47,47799,卖盘
2568,14:48:15,10.17,0.0,20,20340,买盘
2569,14:48:21,10.17,0.0,13,13221,买盘
2570,14:48:24,10.17,0.0,36,36612,卖盘
2571,14:48:30,10.17,0.0,33,33561,卖盘
2572,14:48:36,10.16,-0.01,1,1016,卖盘
2573,14:48:39,10.16,0.0,3,3048,卖盘
2574,14:48:48,10.17,0.01,102,103634,买盘
2575,14:48:51,10.16,-0.01,1,1016,卖盘
2576,14:48:54,10.16,0.0,4,4064,卖盘
2577,14:48:57,10.16,0.0,5,5080,卖盘
2578,14:49:00,10.16,0.0,9,9144,卖盘
2579,14:49:04,10.16,0.0,3,3048,卖盘
2580,14:49:06,10.16,0.0,2,2032,卖盘
2581,14:49:12,10.16,0.0,68,69088,卖盘
2582,14:49:15,10.16,0.0,2,2032,卖盘
2583,14:49:24,10.17,0.01,190,193230,买盘
2584,14:49:27,10.18,0.01,77,78347,买盘
2585,14:49:30,10.17,-0.01,20,20341,卖盘
2586,14:49:39,10.17,0.0,16,16272,卖盘
2587,14:49:42,10.18,0.01,287,292166,买盘
2588,14:49:45,10.18,0.0,1,1018,买盘
2589,14:49:48,10.18,0.0,511,520878,买盘
2590,14:49:57,10.19,0.01,1,1019,买盘
2591,14:50:00,10.2,0.01,25,25476,买盘
2592,14:50:04,10.2,0.0,354,361080,买盘
2593,14:50:06,10.2,0.0,108,110160,买盘
2594,14:50:09,10.25,0.05,556,568249,买盘
2595,14:50:13,10.21,-0.04,5,5105,中性盘
2596,14:50:15,10.26,0.05,181,185625,买盘
2597,14:50:18,10.28,0.02,118,121304,买盘
2598,14:50:21,10.29,0.01,10,10289,买盘
2599,14:50:24,10.29,0.0,9,9253,买盘
2600,14:50:30,10.28,-0.01,70,72029,卖盘
2601,14:50:33,10.27,-0.01,30,30810,卖盘
2602,14:50:42,10.29,0.02,46,47330,买盘
2603,14:50:45,10.32,0.03,354,364890,买盘
2604,14:50:49,10.33,0.01,39,40287,买盘
2605,14:50:51,10.32,-0.01,30,30960,卖盘
2606,14:50:54,10.32,0.0,47,48534,卖盘
2607,14:51:04,10.32,0.0,3,3094,买盘
2608,14:51:06,10.31,-0.01,7,7222,中性盘
2609,14:51:09,10.32,0.01,46,47470,买盘
2610,14:51:12,10.29,-0.03,112,115351,卖盘
2611,14:51:15,10.28,-0.01,444,457804,卖盘
2612,14:51:21,10.28,0.0,206,211768,卖盘
2613,14:51:24,10.28,0.0,20,20560,卖盘
2614,14:51:27,10.29,0.01,290,298220,买盘
2615,14:51:30,10.29,0.0,60,61745,卖盘
2616,14:51:36,10.34,0.05,510,526233,买盘
2617,14:51:39,10.29,-0.05,300,308732,卖盘
2618,14:51:42,10.3,0.01,2,2060,卖盘
2619,14:51:45,10.29,-0.01,1,1029,卖盘
2620,14:51:48,10.3,0.01,3,3090,中性盘
2621,14:51:51,10.3,0.0,2,2060,买盘
2622,14:51:57,10.3,0.0,105,108050,买盘
2623,14:52:06,10.3,0.0,316,325280,买盘
2624,14:52:18,10.29,-0.01,248,255201,卖盘
2625,14:52:21,10.3,0.01,47,48402,买盘
2626,14:52:27,10.28,-0.02,410,422148,卖盘
2627,14:52:33,10.3,0.02,96,98880,买盘
2628,14:52:36,10.3,0.0,6,6180,卖盘
2629,14:52:42,10.3,0.0,90,92700,卖盘
2630,14:52:45,10.32,0.02,219,226008,买盘
2631,14:52:48,10.3,-0.02,58,59748,卖盘
2632,14:52:51,10.3,0.0,100,103002,卖盘
2633,14:52:54,10.34,0.04,350,361553,买盘
2634,14:52:57,10.3,-0.04,50,51500,卖盘
2635,14:53:00,10.31,0.01,2,2062,中性盘
2636,14:53:04,10.35,0.04,300,310201,买盘
2637,14:53:06,10.26,-0.09,200,205610,卖盘
2638,14:53:09,10.3,0.04,3,3090,买盘
2639,14:53:15,10.36,0.06,379,391110,买盘
2640,14:53:21,10.37,0.01,267,276797,买盘
2641,14:53:24,10.37,0.0,33,34221,卖盘
2642,14:53:27,10.38,0.01,134,139061,买盘
2643,14:53:33,10.35,-0.03,61,63135,买盘
2644,14:53:36,10.35,0.0,20,20700,买盘
2645,14:53:39,10.35,0.0,14,14490,买盘
2646,14:53:42,10.35,0.0,15,15525,买盘
2647,14:53:57,10.34,-0.01,31,32054,买盘
2648,14:54:00,10.34,0.0,14,14476,买盘
2649,14:54:09,10.3,-0.04,33,34018,卖盘
2650,14:54:12,10.3,0.0,136,140080,卖盘
2651,14:54:15,10.3,0.0,5,5150,买盘
2652,14:54:18,10.3,0.0,82,84460,买盘
2653,14:54:24,10.33,0.03,1,1033,买盘
2654,14:54:33,10.3,-0.03,189,194670,卖盘
2655,14:54:36,10.3,0.0,98,100940,买盘
2656,14:54:42,10.3,0.0,10,10300,买盘
2657,14:54:45,10.3,0.0,2,2060,买盘
2658,14:54:48,10.29,-0.01,5,5145,卖盘
2659,14:54:51,10.29,0.0,8,8232,卖盘
2660,14:54:54,10.28,-0.01,16,16448,卖盘
2661,14:54:57,10.28,0.0,50,51400,卖盘
2662,14:55:00,10.28,0.0,3,3084,卖盘
2663,14:55:04,10.28,0.0,35,35980,卖盘
2664,14:55:06,10.28,0.0,1,1028,买盘
2665,14:55:12,10.28,0.0,37,38036,卖盘
2666,14:55:15,10.28,0.0,95,97637,买盘
2667,14:55:18,10.28,0.0,24,24672,买盘
2668,14:55:21,10.28,0.0,2,2056,买盘
2669,14:55:24,10.27,-0.01,331,339937,卖盘
2670,14:55:27,10.27,0.0,6,6162,中性盘
2671,14:55:36,10.26,-0.01,9,9234,卖盘
2672,14:55:42,10.26,0.0,92,94308,买盘
2673,14:55:45,10.25,-0.01,10,10250,卖盘
2674,14:55:48,10.25,0.0,6,6150,卖盘
2675,14:55:54,10.25,0.0,1,1025,买盘
2676,14:56:06,10.23,-0.02,69,70587,卖盘
2677,14:56:09,10.23,0.0,11,11253,买盘
2678,14:56:15,10.23,0.0,44,44992,买盘
2679,14:56:18,10.25,0.02,42,43050,买盘
2680,14:56:21,10.23,-0.02,76,77876,卖盘
2681,14:56:24,10.24,0.01,30,30720,卖盘
2682,14:56:33,10.26,0.02,60,61485,买盘
2683,14:56:36,10.23,-0.03,86,88024,卖盘
2684,14:56:39,10.24,0.01,67,68608,买盘
2685,14:56:42,10.24,0.0,11,11264,买盘
2686,14:56:48,10.23,-0.01,45,46076,卖盘
2687,14:56:51,10.23,0.0,92,94116,卖盘
2688,14:56:54,10.23,0.0,9,9207,买盘
2689,14:57:00,10.23,0.0,104,106352,卖盘
2690,15:00:04,10.23,0.0,1104,1129392,卖盘
