,time,price,change,vol,amount,type
0,09:25:04,15.89,0.09,6948,11040372,买盘
1,09:30:00,15.89,0.0,595,944792,买盘
2,09:30:04,15.88,-0.01,2333,3703736,中性盘
3,09:30:06,15.89,0.01,1331,2113626,买盘
4,09:30:09,15.89,0.0,649,1030768,买盘
5,09:30:12,15.87,-0.02,78,123802,卖盘
6,09:30:15,15.86,-0.01,116,184047,卖盘
7,09:30:18,15.85,-0.01,605,959548,卖盘
8,09:30:21,15.85,0.0,142,225095,卖盘
9,09:30:24,15.85,0.0,118,186988,买盘
10,09:30:27,15.86,0.01,582,922425,买盘
11,09:30:30,15.86,0.0,21,33296,买盘
12,09:30:33,15.85,-0.01,56,88773,卖盘
13,09:30:36,15.85,0.0,107,169555,买盘
14,09:30:39,15.84,-0.01,333,527801,卖盘
15,09:30:42,15.83,-0.01,89,140902,卖盘
16,09:30:45,15.82,-0.01,28,44300,卖盘
17,09:30:48,15.83,0.01,409,647244,买盘
18,09:30:51,15.83,0.0,328,519221,买盘
19,09:30:54,15.82,-0.01,37,58533,卖盘
20,09:30:57,15.82,0.0,114,180300,买盘
21,09:31:00,15.81,-0.01,113,178654,卖盘
22,09:31:04,15.82,0.01,10,15820,买盘
23,09:31:06,15.82,0.0,755,1194350,买盘
24,09:31:09,15.83,0.01,491,777473,买盘
25,09:31:12,15.84,0.01,231,365817,买盘
26,09:31:15,15.83,-0.01,150,237461,卖盘
27,09:31:19,15.83,0.0,989,1565587,卖盘
28,09:31:21,15.83,0.0,201,318032,买盘
29,09:31:24,15.83,0.0,1029,1628179,买盘
30,09:31:27,15.83,0.0,157,248417,买盘
31,09:31:30,15.83,0.0,280,443956,买盘
32,09:31:33,15.82,-0.01,151,238962,卖盘
33,09:31:36,15.84,0.02,50,79173,买盘
34,09:31:39,15.83,-0.01,65,102895,卖盘
35,09:31:42,15.84,0.01,121,191663,买盘
36,09:31:45,15.84,0.0,323,511427,买盘
37,09:31:48,15.84,0.0,351,555658,买盘
38,09:31:51,15.83,-0.01,122,193027,中性盘
39,09:31:54,15.83,0.0,570,902926,买盘
40,09:31:57,15.82,-0.01,104,163437,卖盘
41,09:32:00,15.82,0.0,136,215064,买盘
42,09:32:04,15.82,0.0,75,118627,买盘
43,09:32:06,15.82,0.0,246,388932,买盘
44,09:32:09,15.82,0.0,185,292541,买盘
45,09:32:12,15.81,-0.01,53,83781,中性盘
46,09:32:15,15.8,-0.01,110,173825,卖盘
47,09:32:18,15.8,0.0,1068,1687469,卖盘
48,09:32:21,15.79,-0.01,342,540055,卖盘
49,09:32:24,15.79,0.0,137,216191,买盘
50,09:32:27,15.78,-0.01,325,513275,卖盘
51,09:32:30,15.79,0.01,57,89973,卖盘
52,09:32:33,15.78,-0.01,31,48929,卖盘
53,09:32:36,15.79,0.01,167,263533,买盘
54,09:32:39,15.79,0.0,55,86795,买盘
55,09:32:42,15.79,0.0,28,44193,买盘
56,09:32:45,15.78,-0.01,9,14206,卖盘
57,09:32:48,15.79,0.01,619,977271,买盘
58,09:32:51,15.78,-0.01,53,83655,买盘
59,09:32:54,15.78,0.0,91,143667,卖盘
60,09:32:57,15.78,0.0,50,78900,买盘
61,09:33:00,15.78,0.0,140,220922,卖盘
62,09:33:04,15.78,0.0,98,154646,卖盘
63,09:33:06,15.78,0.0,167,263526,买盘
64,09:33:09,15.78,0.0,239,377147,卖盘
65,09:33:12,15.78,0.0,12,18936,买盘
66,09:33:15,15.77,-0.01,394,621391,卖盘
67,09:33:18,15.78,0.01,496,782572,买盘
68,09:33:21,15.78,0.0,129,203653,卖盘
69,09:33:24,15.78,0.0,91,143598,卖盘
70,09:33:27,15.78,0.0,662,1044817,买盘
71,09:33:30,15.78,0.0,53,83634,买盘
72,09:33:33,15.78,0.0,472,744494,卖盘
73,09:33:36,15.79,0.01,114,180001,买盘
74,09:33:39,15.79,0.0,116,183164,卖盘
75,09:33:42,15.79,0.0,59,93127,卖盘
76,09:33:45,15.79,0.0,33,52087,买盘
77,09:33:48,15.78,-0.01,99,156314,卖盘
78,09:33:51,15.79,0.01,190,299896,买盘
79,09:33:54,15.79,0.0,27,42614,买盘
80,09:33:57,15.77,-0.02,125,197294,卖盘
81,09:34:00,15.78,0.01,292,461031,卖盘
82,09:34:04,15.79,0.01,70,110507,买盘
83,09:34:06,15.79,0.0,79,124736,买盘
84,09:34:09,15.78,-0.01,189,298292,卖盘
85,09:34:12,15.79,0.01,261,412204,买盘
86,09:34:15,15.8,0.01,58,91630,买盘
87,09:34:18,15.79,-0.01,253,399341,卖盘
88,09:34:21,15.79,0.0,177,279651,买盘
89,09:34:24,15.79,0.0,1,1579,卖盘
90,09:34:27,15.79,0.0,191,301589,卖盘
91,09:34:30,15.79,0.0,109,172111,买盘
92,09:34:33,15.78,-0.01,94,148370,卖盘
93,09:34:36,15.79,0.01,208,328302,买盘
94,09:34:39,15.79,0.0,49,77365,买盘
95,09:34:42,15.78,-0.01,86,135749,卖盘
96,09:34:45,15.78,0.0,94,148342,卖盘
97,09:34:48,15.78,0.0,163,257214,卖盘
98,09:34:51,15.78,0.0,61,96258,买盘
99,09:34:54,15.78,0.0,12,18936,卖盘
100,09:34:57,15.78,0.0,85,134130,买盘
101,09:35:00,15.78,0.0,71,112028,买盘
102,09:35:04,15.78,0.0,146,230296,买盘
103,09:35:06,15.78,0.0,39,61542,买盘
104,09:35:09,15.78,0.0,411,648182,买盘
105,09:35:12,15.79,0.01,281,443430,买盘
106,09:35:15,15.79,0.0,53,83681,买盘
107,09:35:18,15.78,-0.01,26,41028,卖盘
108,09:35:21,15.79,0.01,182,288258,买盘
109,09:35:24,15.78,-0.01,90,142020,卖盘
110,09:35:27,15.79,0.01,244,385266,买盘
111,09:35:30,15.79,0.0,107,168953,卖盘
112,09:35:33,15.79,0.0,21,33159,卖盘
113,09:35:36,15.79,0.0,49,77370,买盘
114,09:35:39,15.78,-0.01,27,42623,卖盘
115,09:35:42,15.79,0.01,308,486246,买盘
116,09:35:45,15.78,-0.01,79,124717,卖盘
117,09:35:48,15.78,0.0,56,88407,卖盘
118,09:35:51,15.78,0.0,602,949960,卖盘
119,09:35:54,15.77,-0.01,55,86761,卖盘
120,09:35:57,15.77,0.0,1176,1854623,卖盘
121,09:36:00,15.78,0.01,28,44184,中性盘
122,09:36:04,15.77,-0.01,472,744781,卖盘
123,09:36:06,15.78,0.01,45,70638,买盘
124,09:36:09,15.77,-0.01,38,59926,卖盘
125,09:36:12,15.76,-0.01,52,81993,卖盘
126,09:36:15,15.77,0.01,64,100914,买盘
127,09:36:18,15.76,-0.01,23,36270,卖盘
128,09:36:21,15.76,0.0,59,93000,卖盘
129,09:36:24,15.76,0.0,213,335838,卖盘
130,09:36:27,15.76,0.0,12,18922,卖盘
131,09:36:30,15.76,0.0,62,97719,卖盘
132,09:36:33,15.76,0.0,288,453991,卖盘
133,09:36:36,15.77,0.01,70,110360,中性盘
134,09:36:39,15.77,0.0,10,15770,卖盘
135,09:36:42,15.77,0.0,96,151392,中性盘
136,09:36:45,15.76,-0.01,63,99308,卖盘
137,09:36:48,15.76,0.0,32,50434,卖盘
138,09:36:51,15.76,0.0,81,127670,卖盘
139,09:36:54,15.76,0.0,133,209610,卖盘
140,09:36:57,15.76,0.0,498,784848,卖盘
141,09:37:00,15.76,0.0,37,58312,买盘
142,09:37:04,15.75,-0.01,84,132350,卖盘
143,09:37:06,15.76,0.01,36,56726,买盘
144,09:37:09,15.75,-0.01,59,92954,卖盘
145,09:37:12,15.75,0.0,170,267859,卖盘
146,09:37:15,15.75,0.0,188,296100,卖盘
147,09:37:18,15.76,0.01,228,359160,买盘
148,09:37:21,15.76,0.0,171,269343,买盘
149,09:37:24,15.75,-0.01,65,102380,卖盘
150,09:37:27,15.75,0.0,38,59852,卖盘
151,09:37:30,15.75,0.0,473,744975,卖盘
152,09:37:33,15.75,0.0,342,538653,卖盘
153,09:37:36,15.75,0.0,1027,1618044,卖盘
154,09:37:39,15.76,0.01,75,118199,卖盘
155,09:37:42,15.75,-0.01,154,242707,卖盘
156,09:37:45,15.75,0.0,76,119670,买盘
157,09:37:48,15.75,0.0,182,286542,买盘
158,09:37:51,15.75,0.0,8,12598,买盘
159,09:37:54,15.74,-0.01,2069,3252143,卖盘
160,09:37:57,15.75,0.01,62,97650,买盘
161,09:38:00,15.74,-0.01,14,22036,卖盘
162,09:38:04,15.74,0.0,50,78711,卖盘
163,09:38:06,15.74,0.0,152,239264,卖盘
164,09:38:09,15.73,-0.01,7,11012,卖盘
165,09:38:12,15.73,0.0,9,14159,中性盘
166,09:38:15,15.73,0.0,107,168206,中性盘
167,09:38:18,15.72,-0.01,124,195025,卖盘
168,09:38:21,15.73,0.01,70,110138,中性盘
169,09:38:24,15.72,-0.01,105,165074,卖盘
170,09:38:27,15.73,0.01,277,435733,买盘
171,09:38:30,15.73,0.0,252,396399,卖盘
172,09:38:33,15.73,0.0,32,50366,卖盘
173,09:38:36,15.73,0.0,192,302016,卖盘
174,09:38:39,15.72,-0.01,146,229633,卖盘
175,09:38:42,15.73,0.01,150,235950,中性盘
176,09:38:45,15.72,-0.01,16,25152,卖盘
177,09:38:48,15.72,0.0,32,50313,卖盘
178,09:38:51,15.72,0.0,258,405725,卖盘
179,09:38:54,15.72,0.0,41,64461,卖盘
180,09:38:57,15.72,0.0,307,482655,卖盘
181,09:39:00,15.72,0.0,1455,2288304,卖盘
182,09:39:04,15.72,0.0,102,160278,卖盘
183,09:39:06,15.72,0.0,168,264081,买盘
184,09:39:09,15.71,-0.01,452,710207,卖盘
185,09:39:12,15.72,0.01,21,33017,卖盘
186,09:39:15,15.73,0.01,629,988304,买盘
187,09:39:18,15.72,-0.01,311,488845,中性盘
188,09:39:21,15.72,0.0,104,163488,买盘
189,09:39:24,15.72,0.0,103,161916,买盘
190,09:39:27,15.71,-0.01,268,421083,卖盘
191,09:39:30,15.72,0.01,18,28296,买盘
192,09:39:33,15.71,-0.01,407,639416,卖盘
193,09:39:36,15.72,0.01,1256,1972777,买盘
194,09:39:39,15.72,0.0,132,207474,买盘
195,09:39:42,15.72,0.0,10,15720,买盘
196,09:39:45,15.71,-0.01,29,45566,卖盘
197,09:39:48,15.72,0.01,448,703864,买盘
198,09:39:51,15.72,0.0,45,70740,买盘
199,09:39:54,15.72,0.0,158,248269,卖盘
200,09:39:57,15.71,-0.01,164,257807,卖盘
201,09:40:00,15.71,0.0,168,264048,卖盘
202,09:40:04,15.72,0.01,81,127332,卖盘
203,09:40:07,15.72,0.0,151,237502,卖盘
204,09:40:09,15.73,0.01,117,183927,买盘
205,09:40:12,15.73,0.0,79,124266,买盘
206,09:40:15,15.72,-0.01,276,434017,卖盘
207,09:40:18,15.71,-0.01,91,143035,卖盘
208,09:40:21,15.72,0.01,16,25155,买盘
209,09:40:25,15.72,0.0,55,86474,卖盘
210,09:40:27,15.72,0.0,30,47160,卖盘
211,09:40:30,15.72,0.0,445,699359,卖盘
212,09:40:33,15.73,0.01,41,64457,买盘
213,09:40:36,15.73,0.0,47,73931,买盘
214,09:40:39,15.73,0.0,274,430987,买盘
215,09:40:42,15.74,0.01,274,430930,买盘
216,09:40:45,15.73,-0.01,41,64514,卖盘
217,09:40:48,15.73,0.0,59,92839,卖盘
218,09:40:51,15.73,0.0,65,102255,卖盘
219,09:40:54,15.73,0.0,50,78650,卖盘
220,09:40:57,15.73,0.0,195,306783,卖盘
221,09:41:00,15.73,0.0,343,539554,卖盘
222,09:41:03,15.73,0.0,178,279885,买盘
223,09:41:06,15.73,0.0,11,17296,买盘
224,09:41:09,15.73,0.0,391,614725,买盘
225,09:41:12,15.73,0.0,58,91234,买盘
226,09:41:15,15.74,0.01,80,125887,买盘
227,09:41:18,15.74,0.0,18,28328,买盘
228,09:41:21,15.73,-0.01,122,191915,卖盘
229,09:41:24,15.74,0.01,118,185692,买盘
230,09:41:27,15.73,-0.01,372,585230,卖盘
231,09:41:30,15.73,0.0,24,37752,买盘
232,09:41:33,15.73,0.0,521,818858,买盘
233,09:41:36,15.74,0.01,173,272144,买盘
234,09:41:39,15.73,-0.01,15,23597,卖盘
235,09:41:42,15.73,0.0,16,25168,卖盘
236,09:41:45,15.73,0.0,124,195069,卖盘
237,09:41:48,15.74,0.01,391,615056,买盘
238,09:41:51,15.74,0.0,174,273626,买盘
239,09:41:54,15.73,-0.01,38,59784,卖盘
240,09:41:57,15.74,0.01,58,91283,买盘
241,09:42:00,15.74,0.0,333,524129,买盘
242,09:42:04,15.73,-0.01,55,86535,卖盘
243,09:42:07,15.73,0.0,46,72370,卖盘
244,09:42:09,15.74,0.01,75,118028,买盘
245,09:42:12,15.73,-0.01,258,405895,卖盘
246,09:42:15,15.72,-0.01,732,1151465,卖盘
247,09:42:18,15.73,0.01,205,322465,卖盘
248,09:42:21,15.73,0.0,108,169807,买盘
249,09:42:24,15.72,-0.01,65,102197,卖盘
250,09:42:27,15.72,0.0,360,565929,卖盘
251,09:42:30,15.73,0.01,158,248356,买盘
252,09:42:33,15.71,-0.02,270,424321,卖盘
253,09:42:36,15.72,0.01,20,31440,买盘
254,09:42:39,15.73,0.01,82,128972,买盘
255,09:42:42,15.72,-0.01,25,39300,卖盘
256,09:42:45,15.72,0.0,438,688199,卖盘
257,09:42:48,15.73,0.01,77,121059,买盘
258,09:42:51,15.72,-0.01,38,59736,卖盘
259,09:42:54,15.72,0.0,5,7860,买盘
260,09:42:57,15.72,0.0,45,70740,买盘
261,09:43:00,15.71,-0.01,87,136704,卖盘
262,09:43:04,15.72,0.01,20,31439,买盘
263,09:43:06,15.72,0.0,36,56592,买盘
264,09:43:09,15.72,0.0,384,603281,买盘
265,09:43:12,15.72,0.0,133,208944,买盘
266,09:43:15,15.72,0.0,99,155563,买盘
267,09:43:18,15.72,0.0,86,135192,买盘
268,09:43:21,15.71,-0.01,11,17283,卖盘
269,09:43:24,15.72,0.01,53,83291,买盘
270,09:43:27,15.72,0.0,33,51876,买盘
271,09:43:30,15.71,-0.01,2262,3551971,卖盘
272,09:43:33,15.71,0.0,31,48701,卖盘
273,09:43:36,15.71,0.0,124,194754,买盘
274,09:43:39,15.7,-0.01,167,262190,卖盘
275,09:43:42,15.71,0.01,26,40840,买盘
276,09:43:45,15.69,-0.02,230,361151,卖盘
277,09:43:48,15.71,0.02,72,113053,买盘
278,09:43:51,15.7,-0.01,243,381605,卖盘
279,09:43:54,15.7,0.0,36,56541,卖盘
280,09:43:57,15.72,0.02,165,259172,买盘
281,09:44:00,15.7,-0.02,231,362717,卖盘
282,09:44:04,15.72,0.02,70,109966,买盘
283,09:44:06,15.7,-0.02,98,153910,卖盘
284,09:44:09,15.7,0.0,89,139730,买盘
285,09:44:12,15.7,0.0,110,172694,买盘
286,09:44:15,15.69,-0.01,409,641772,卖盘
287,09:44:18,15.7,0.01,296,464609,买盘
288,09:44:21,15.7,0.0,193,302905,买盘
289,09:44:24,15.7,0.0,32,50211,中性盘
290,09:44:27,15.71,0.01,71,111485,买盘
291,09:44:33,15.7,-0.01,31,48670,卖盘
292,09:44:36,15.71,0.01,12,18849,买盘
293,09:44:39,15.7,-0.01,227,356428,卖盘
294,09:44:42,15.69,-0.01,133,208713,卖盘
295,09:44:45,15.69,0.0,95,149115,卖盘
296,09:44:48,15.71,0.02,327,513381,买盘
297,09:44:51,15.7,-0.01,191,299871,卖盘
298,09:44:54,15.7,0.0,13,20410,卖盘
299,09:44:57,15.71,0.01,84,131882,买盘
300,09:45:00,15.7,-0.01,378,593460,卖盘
301,09:45:04,15.71,0.01,71,111541,买盘
302,09:45:06,15.71,0.0,45,70675,买盘
303,09:45:09,15.7,-0.01,275,431795,卖盘
304,09:45:12,15.7,0.0,64,100486,卖盘
305,09:45:15,15.7,0.0,120,188300,买盘
306,09:45:18,15.7,0.0,115,180556,卖盘
307,09:45:21,15.71,0.01,863,1355538,买盘
308,09:45:24,15.69,-0.02,278,436316,卖盘
309,09:45:27,15.71,0.02,44,69153,中性盘
310,09:45:30,15.71,0.0,8,12565,卖盘
311,09:45:33,15.71,0.0,8,12568,卖盘
312,09:45:36,15.7,-0.01,87,136618,卖盘
313,09:45:39,15.71,0.01,1,1571,中性盘
314,09:45:42,15.71,0.0,6,9426,卖盘
315,09:45:45,15.72,0.01,96,150817,买盘
316,09:45:48,15.72,0.0,115,180773,买盘
317,09:45:51,15.72,0.0,22,34583,买盘
318,09:45:54,15.71,-0.01,148,232546,卖盘
319,09:45:57,15.71,0.0,181,284351,卖盘
320,09:46:00,15.71,0.0,224,351706,买盘
321,09:46:04,15.72,0.01,342,537162,买盘
322,09:46:06,15.72,0.0,3,4716,买盘
323,09:46:09,15.72,0.0,48,75454,买盘
324,09:46:12,15.72,0.0,2953,4636153,买盘
325,09:46:15,15.71,-0.01,137,215276,卖盘
326,09:46:18,15.73,0.02,151,237423,买盘
327,09:46:21,15.72,-0.01,45,70740,卖盘
328,09:46:24,15.72,0.0,93,146197,卖盘
329,09:46:27,15.73,0.01,66,103784,买盘
330,09:46:30,15.72,-0.01,277,435743,卖盘
331,09:46:33,15.75,0.03,110,173032,买盘
332,09:46:36,15.75,0.0,482,758603,买盘
333,09:46:39,15.75,0.0,87,136929,卖盘
334,09:46:42,15.76,0.01,245,386341,买盘
335,09:46:45,15.76,0.0,276,434976,卖盘
336,09:46:48,15.77,0.01,15,23641,买盘
337,09:46:51,15.77,0.0,37,58349,买盘
338,09:46:54,15.77,0.0,67,105659,买盘
339,09:46:57,15.77,0.0,167,263357,卖盘
340,09:47:00,15.77,0.0,57,89885,买盘
341,09:47:03,15.77,0.0,218,343596,买盘
342,09:47:06,15.77,0.0,48,75696,买盘
343,09:47:09,15.76,-0.01,31,48861,卖盘
344,09:47:12,15.76,0.0,105,165525,买盘
345,09:47:16,15.76,0.0,36,56736,买盘
346,09:47:18,15.75,-0.01,39,61445,卖盘
347,09:47:21,15.76,0.01,45,70920,买盘
348,09:47:24,15.75,-0.01,226,356087,卖盘
349,09:47:27,15.75,0.0,30,47266,卖盘
350,09:47:30,15.77,0.02,70,110298,买盘
351,09:47:33,15.77,0.0,90,141930,买盘
352,09:47:36,15.76,-0.01,130,204910,卖盘
353,09:47:39,15.77,0.01,127,200278,买盘
354,09:47:42,15.76,-0.01,4,6305,卖盘
355,09:47:45,15.77,0.01,7,11034,买盘
356,09:47:48,15.77,0.0,56,88289,买盘
357,09:47:51,15.77,0.0,122,192301,买盘
358,09:47:54,15.76,-0.01,14,22064,中性盘
359,09:47:57,15.76,0.0,4,6304,买盘
360,09:48:00,15.77,0.01,96,151392,买盘
361,09:48:04,15.76,-0.01,227,357756,卖盘
362,09:48:06,15.76,0.0,200,315194,买盘
363,09:48:09,15.76,0.0,280,441280,买盘
364,09:48:12,15.76,0.0,54,85104,买盘
365,09:48:15,15.76,0.0,16,25216,卖盘
366,09:48:18,15.76,0.0,121,190709,卖盘
367,09:48:21,15.76,0.0,50,78800,买盘
368,09:48:24,15.76,0.0,80,126159,卖盘
369,09:48:27,15.76,0.0,100,157600,卖盘
370,09:48:30,15.76,0.0,19,29944,卖盘
371,09:48:33,15.76,0.0,90,141893,卖盘
372,09:48:36,15.76,0.0,220,346743,卖盘
373,09:48:39,15.76,0.0,16,25216,买盘
374,09:48:42,15.75,-0.01,90,141774,卖盘
375,09:48:45,15.76,0.01,74,116568,买盘
376,09:48:48,15.76,0.0,57,89799,买盘
377,09:48:51,15.76,0.0,63,99288,买盘
378,09:48:54,15.75,-0.01,97,152775,卖盘
379,09:48:57,15.75,0.0,12,18900,卖盘
380,09:49:00,15.75,0.0,83,130725,卖盘
381,09:49:04,15.75,0.0,12,18904,卖盘
382,09:49:06,15.75,0.0,15,23625,卖盘
383,09:49:09,15.75,0.0,39,61425,卖盘
384,09:49:12,15.76,0.01,68,107631,买盘
385,09:49:15,15.76,0.0,112,176512,买盘
386,09:49:18,15.75,-0.01,30,47263,卖盘
387,09:49:21,15.76,0.01,41,64582,买盘
388,09:49:24,15.76,0.0,47,74072,买盘
389,09:49:27,15.76,0.0,114,179664,买盘
390,09:49:30,15.76,0.0,35,55160,买盘
391,09:49:33,15.76,0.0,39,61457,买盘
392,09:49:36,15.76,0.0,70,110282,买盘
393,09:49:39,15.76,0.0,103,162228,买盘
394,09:49:42,15.75,-0.01,82,129172,卖盘
395,09:49:45,15.76,0.01,20,31520,买盘
396,09:49:48,15.76,0.0,50,78788,买盘
397,09:49:51,15.76,0.0,29,45684,买盘
398,09:49:54,15.76,0.0,20,31520,买盘
399,09:49:57,15.76,0.0,80,126080,买盘
400,09:50:00,15.75,-0.01,9,14179,卖盘
401,09:50:04,15.76,0.01,19,29931,买盘
402,09:50:06,15.76,0.0,93,146568,买盘
403,09:50:09,15.76,0.0,70,110267,买盘
404,09:50:12,15.75,-0.01,72,113417,卖盘
405,09:50:15,15.76,0.01,53,83528,买盘
406,09:50:18,15.76,0.0,42,66183,买盘
407,09:50:21,15.75,-0.01,24,37800,卖盘
408,09:50:24,15.75,0.0,8,12603,卖盘
409,09:50:27,15.76,0.01,99,156009,买盘
410,09:50:30,15.76,0.0,385,606407,买盘
411,09:50:33,15.75,-0.01,23,36245,卖盘
412,09:50:36,15.76,0.01,648,1020615,买盘
413,09:50:39,15.75,-0.01,8,12601,卖盘
414,09:50:42,15.75,0.0,17,26775,卖盘
415,09:50:45,15.75,0.0,265,416846,卖盘
416,09:50:48,15.74,-0.01,477,750664,卖盘
417,09:50:51,15.72,-0.02,98,154142,卖盘
418,09:50:54,15.72,0.0,135,212293,卖盘
419,09:50:57,15.72,0.0,19,29870,卖盘
420,09:51:00,15.74,0.02,10,15732,买盘
421,09:51:04,15.73,-0.01,135,212287,卖盘
422,09:51:09,15.72,-0.01,42,66061,卖盘
423,09:51:12,15.72,0.0,20,31440,卖盘
424,09:51:15,15.73,0.01,1,1573,买盘
425,09:51:18,15.72,-0.01,18,28299,卖盘
426,09:51:21,15.73,0.01,9,14157,买盘
427,09:51:24,15.74,0.01,91,143203,买盘
428,09:51:27,15.73,-0.01,15,23595,卖盘
429,09:51:30,15.73,0.0,60,94380,卖盘
430,09:51:33,15.73,0.0,7,11011,卖盘
431,09:51:36,15.73,0.0,1,1573,卖盘
432,09:51:39,15.73,0.0,18,28314,卖盘
433,09:51:42,15.73,0.0,9,14158,买盘
434,09:51:45,15.73,0.0,6,9436,买盘
435,09:51:48,15.73,0.0,25,39301,中性盘
436,09:51:51,15.72,-0.01,4,6289,卖盘
437,09:51:57,15.73,0.01,63,99099,卖盘
438,09:52:00,15.73,0.0,53,83369,买盘
439,09:52:04,15.72,-0.01,71,111669,卖盘
440,09:52:06,15.73,0.01,35,55055,买盘
441,09:52:09,15.74,0.01,65,102310,买盘
442,09:52:12,15.73,-0.01,103,162107,卖盘
443,09:52:15,15.74,0.01,1,1574,买盘
444,09:52:18,15.73,-0.01,23,36190,卖盘
445,09:52:21,15.73,0.0,19,29887,卖盘
446,09:52:24,15.73,0.0,112,176176,卖盘
447,09:52:27,15.74,0.01,10,15740,买盘
448,09:52:30,15.74,0.0,135,212281,买盘
449,09:52:33,15.74,0.0,21,33050,买盘
450,09:52:36,15.73,-0.01,25,39325,卖盘
451,09:52:39,15.74,0.01,63,99152,买盘
452,09:52:42,15.74,0.0,158,248692,买盘
453,09:52:45,15.74,0.0,31,48794,买盘
454,09:52:48,15.74,0.0,130,204558,买盘
455,09:52:51,15.73,-0.01,119,187179,卖盘
456,09:52:54,15.73,0.0,19,29872,买盘
457,09:52:57,15.73,0.0,32,50336,买盘
458,09:53:00,15.72,-0.01,92,144631,卖盘
459,09:53:04,15.72,0.0,16,25152,卖盘
460,09:53:09,15.73,0.01,38,59760,买盘
461,09:53:15,15.73,0.0,3,4719,买盘
462,09:53:18,15.72,-0.01,106,166648,卖盘
463,09:53:21,15.73,0.01,48,75490,买盘
464,09:53:24,15.73,0.0,1,1573,买盘
465,09:53:27,15.73,0.0,27,42464,买盘
466,09:53:30,15.72,-0.01,100,157255,卖盘
467,09:53:33,15.72,0.0,16,25153,卖盘
468,09:53:36,15.73,0.01,15,23585,买盘
469,09:53:39,15.73,0.0,61,95893,买盘
470,09:53:42,15.73,0.0,22,34606,买盘
471,09:53:45,15.72,-0.01,1499,2355738,卖盘
472,09:53:48,15.72,0.0,18,28295,买盘
473,09:53:51,15.71,-0.01,221,347191,卖盘
474,09:53:54,15.72,0.01,2,3144,买盘
475,09:53:57,15.72,0.0,72,113214,卖盘
476,09:54:00,15.71,-0.01,92,144592,卖盘
477,09:54:04,15.71,0.0,210,329910,卖盘
478,09:54:06,15.72,0.01,69,108467,买盘
479,09:54:09,15.72,0.0,17,26709,买盘
480,09:54:12,15.72,0.0,282,443035,买盘
481,09:54:15,15.72,0.0,19,29858,买盘
482,09:54:18,15.72,0.0,233,366272,买盘
483,09:54:21,15.72,0.0,18,28296,卖盘
484,09:54:24,15.72,0.0,1,1572,卖盘
485,09:54:27,15.72,0.0,2,3144,卖盘
486,09:54:30,15.72,0.0,122,191796,卖盘
487,09:54:33,15.72,0.0,59,92748,卖盘
488,09:54:36,15.72,0.0,311,488899,卖盘
489,09:54:39,15.73,0.01,357,561404,买盘
490,09:54:42,15.72,-0.01,48,75461,卖盘
491,09:54:45,15.73,0.01,21,33013,买盘
492,09:54:51,15.73,0.0,51,80207,买盘
493,09:54:54,15.73,0.0,9,14153,买盘
494,09:54:57,15.72,-0.01,14,22010,卖盘
495,09:55:00,15.73,0.01,35,55040,买盘
496,09:55:04,15.73,0.0,64,100672,买盘
497,09:55:06,15.73,0.0,108,169779,买盘
498,09:55:09,15.73,0.0,527,828971,买盘
499,09:55:15,15.73,0.0,34,53482,卖盘
500,09:55:21,15.73,0.0,41,64493,卖盘
501,09:55:24,15.72,-0.01,153,240596,卖盘
502,09:55:27,15.73,0.01,20,31443,买盘
503,09:55:30,15.72,-0.01,195,306661,卖盘
504,09:55:33,15.73,0.01,222,349044,卖盘
505,09:55:36,15.72,-0.01,142,223245,卖盘
506,09:55:39,15.73,0.01,423,664979,买盘
507,09:55:42,15.73,0.0,66,103792,买盘
508,09:55:45,15.72,-0.01,24,37728,卖盘
509,09:55:48,15.72,0.0,37,58164,买盘
510,09:55:51,15.72,0.0,45,70732,买盘
511,09:55:54,15.72,0.0,82,128844,买盘
512,09:55:57,15.72,0.0,54,84888,买盘
513,09:56:00,15.72,0.0,133,209076,卖盘
514,09:56:04,15.72,0.0,69,108468,卖盘
515,09:56:06,15.72,0.0,1,1572,卖盘
516,09:56:09,15.72,0.0,90,141480,卖盘
517,09:56:12,15.72,0.0,71,111622,卖盘
518,09:56:15,15.72,0.0,6,9432,卖盘
519,09:56:19,15.73,0.01,15,23589,买盘
520,09:56:21,15.72,-0.01,8,12576,卖盘
521,09:56:24,15.73,0.01,91,143053,买盘
522,09:56:27,15.72,-0.01,75,117920,卖盘
523,09:56:30,15.72,0.0,50,78635,卖盘
524,09:56:33,15.72,0.0,32,50315,卖盘
525,09:56:36,15.72,0.0,130,204416,卖盘
526,09:56:39,15.73,0.01,16,25157,卖盘
527,09:56:42,15.74,0.01,89,140003,买盘
528,09:56:45,15.74,0.0,21,33032,买盘
529,09:56:48,15.73,-0.01,4,6295,中性盘
530,09:56:51,15.72,-0.01,16,25164,卖盘
531,09:56:57,15.73,0.01,84,132118,买盘
532,09:57:00,15.73,0.0,2,3146,买盘
533,09:57:04,15.72,-0.01,110,172928,卖盘
534,09:57:06,15.73,0.01,39,61347,买盘
535,09:57:09,15.72,-0.01,2,3144,卖盘
536,09:57:12,15.73,0.01,121,190323,买盘
537,09:57:15,15.74,0.01,79,124275,买盘
538,09:57:18,15.73,-0.01,4,6293,卖盘
539,09:57:21,15.73,0.0,50,78643,卖盘
540,09:57:24,15.72,-0.01,28,44018,卖盘
541,09:57:27,15.73,0.01,12,18876,买盘
542,09:57:30,15.72,-0.01,157,246804,卖盘
543,09:57:33,15.73,0.01,30,47190,买盘
544,09:57:36,15.72,-0.01,53,83316,卖盘
545,09:57:39,15.73,0.01,2,3146,买盘
546,09:57:42,15.72,-0.01,15,23580,卖盘
547,09:57:45,15.73,0.01,62,97467,买盘
548,09:57:48,15.72,-0.01,120,188650,卖盘
549,09:57:51,15.72,0.0,16,25152,卖盘
550,09:57:54,15.73,0.01,2,3146,买盘
551,09:57:57,15.72,-0.01,14,22008,卖盘
552,09:58:00,15.72,0.0,312,490464,卖盘
553,09:58:04,15.72,0.0,19,29868,卖盘
554,09:58:06,15.72,0.0,124,194928,卖盘
555,09:58:09,15.73,0.01,28,44032,买盘
556,09:58:12,15.73,0.0,266,418418,买盘
557,09:58:15,15.72,-0.01,63,99055,卖盘
558,09:58:18,15.72,0.0,51,80171,买盘
559,09:58:21,15.72,0.0,42,66024,买盘
560,09:58:24,15.71,-0.01,25,39299,卖盘
561,09:58:27,15.72,0.01,84,132048,买盘
562,09:58:30,15.72,0.0,81,127402,卖盘
563,09:58:33,15.72,0.0,20,31440,卖盘
564,09:58:36,15.72,0.0,275,432300,卖盘
565,09:58:39,15.71,-0.01,23,36135,卖盘
566,09:58:42,15.72,0.01,157,246649,买盘
567,09:58:45,15.71,-0.01,11,17281,卖盘
568,09:58:48,15.71,0.0,539,846814,卖盘
569,09:58:51,15.71,0.0,229,359751,买盘
570,09:58:54,15.7,-0.01,45,70650,卖盘
571,09:58:57,15.71,0.01,7,10997,买盘
572,09:59:00,15.71,0.0,44,69109,买盘
573,09:59:03,15.7,-0.01,279,438030,卖盘
574,09:59:06,15.71,0.01,119,186152,买盘
575,09:59:09,15.72,0.01,69,108356,买盘
576,09:59:12,15.7,-0.02,922,1447548,卖盘
577,09:59:15,15.7,0.0,25,39250,卖盘
578,09:59:18,15.7,0.0,129,202532,卖盘
579,09:59:21,15.7,0.0,54,84800,卖盘
580,09:59:24,15.7,0.0,35,54950,卖盘
581,09:59:27,15.71,0.01,125,196295,买盘
582,09:59:30,15.71,0.0,91,142904,买盘
583,09:59:33,15.7,-0.01,21,32980,卖盘
584,09:59:36,15.7,0.0,119,186831,卖盘
585,09:59:39,15.7,0.0,42,65950,卖盘
586,09:59:42,15.7,0.0,154,241780,卖盘
587,09:59:46,15.7,0.0,28,43960,卖盘
588,09:59:48,15.7,0.0,64,100533,卖盘
589,09:59:54,15.71,0.01,28,43974,买盘
590,09:59:57,15.7,-0.01,841,1321155,卖盘
591,10:00:00,15.69,-0.01,39,61206,卖盘
592,10:00:04,15.7,0.01,179,280914,买盘
593,10:00:07,15.7,0.0,104,162494,买盘
594,10:00:09,15.7,0.0,50,78519,卖盘
595,10:00:12,15.69,-0.01,32,51020,卖盘
596,10:00:15,15.7,0.01,28,43970,卖盘
597,10:00:18,15.7,0.0,879,1379266,卖盘
598,10:00:21,15.7,0.0,19,29819,买盘
599,10:00:24,15.7,0.0,34,53367,买盘
600,10:00:27,15.7,0.0,262,411218,买盘
601,10:00:30,15.7,0.0,122,191451,买盘
602,10:00:33,15.69,-0.01,49,76904,卖盘
603,10:00:36,15.7,0.01,58,91060,买盘
604,10:00:39,15.7,0.0,17,26693,卖盘
605,10:00:42,15.7,0.0,56,87920,卖盘
606,10:00:45,15.71,0.01,31,48681,买盘
607,10:00:48,15.71,0.0,78,122508,买盘
608,10:00:51,15.7,-0.01,130,204100,卖盘
609,10:00:54,15.69,-0.01,38,59639,卖盘
610,10:00:57,15.69,0.0,137,214967,卖盘
611,10:01:00,15.7,0.01,68,106699,买盘
612,10:01:04,15.7,0.0,29,45512,买盘
613,10:01:06,15.7,0.0,77,120878,买盘
614,10:01:09,15.7,0.0,16,25120,买盘
615,10:01:15,15.69,-0.01,55,86300,卖盘
616,10:01:18,15.69,0.0,49,76888,卖盘
617,10:01:21,15.69,0.0,65,102049,卖盘
618,10:01:24,15.7,0.01,108,169476,买盘
619,10:01:27,15.7,0.0,236,370499,买盘
620,10:01:30,15.69,-0.01,15,23535,卖盘
621,10:01:33,15.69,0.0,20,31385,卖盘
622,10:01:36,15.69,0.0,18,28244,卖盘
623,10:01:39,15.69,0.0,39,61199,卖盘
624,10:01:42,15.69,0.0,46,72174,卖盘
625,10:01:45,15.7,0.01,194,304431,买盘
626,10:01:48,15.7,0.0,48,75360,买盘
627,10:01:51,15.69,-0.01,98,153762,卖盘
628,10:01:54,15.69,0.0,40,62760,卖盘
629,10:02:00,15.7,0.01,15,23540,买盘
630,10:02:04,15.7,0.0,73,114560,买盘
631,10:02:07,15.7,0.0,177,277870,买盘
632,10:02:09,15.69,-0.01,828,1299247,卖盘
633,10:02:12,15.69,0.0,129,202495,卖盘
634,10:02:15,15.69,0.0,13,20408,卖盘
635,10:02:18,15.69,0.0,55,86297,卖盘
636,10:02:21,15.7,0.01,1,1570,买盘
637,10:02:24,15.7,0.0,22,34521,买盘
638,10:02:27,15.69,-0.01,120,188388,卖盘
639,10:02:30,15.69,0.0,156,244784,卖盘
640,10:02:33,15.7,0.01,88,138162,买盘
641,10:02:36,15.7,0.0,78,122460,卖盘
642,10:02:39,15.71,0.01,163,255901,买盘
643,10:02:42,15.69,-0.02,211,331142,卖盘
644,10:02:45,15.69,0.0,33,51784,卖盘
645,10:02:48,15.7,0.01,31,48670,中性盘
646,10:02:51,15.71,0.01,1,1571,买盘
647,10:02:54,15.7,-0.01,2,3141,卖盘
648,10:02:57,15.7,0.0,190,298330,卖盘
649,10:03:00,15.7,0.0,89,139730,买盘
650,10:03:03,15.7,0.0,45,70650,卖盘
651,10:03:07,15.7,0.0,41,64371,买盘
652,10:03:09,15.7,0.0,85,133450,卖盘
653,10:03:12,15.7,0.0,110,172706,卖盘
654,10:03:15,15.7,0.0,172,270040,买盘
655,10:03:18,15.69,-0.01,167,262180,卖盘
656,10:03:21,15.7,0.01,45,70650,买盘
657,10:03:24,15.71,0.01,24,37698,买盘
658,10:03:27,15.71,0.0,50,78545,买盘
659,10:03:30,15.7,-0.01,68,106760,卖盘
660,10:03:33,15.71,0.01,112,175890,买盘
661,10:03:36,15.7,-0.01,19,29830,卖盘
662,10:03:39,15.69,-0.01,42,65928,卖盘
663,10:03:42,15.71,0.02,185,290571,买盘
664,10:03:45,15.7,-0.01,21,32970,卖盘
665,10:03:48,15.71,0.01,48,75389,买盘
666,10:03:51,15.69,-0.02,10,15693,卖盘
667,10:03:54,15.7,0.01,22,34540,买盘
668,10:03:57,15.71,0.01,59,92681,买盘
669,10:04:00,15.7,-0.01,19,29830,卖盘
670,10:04:03,15.7,0.0,14,21982,卖盘
671,10:04:06,15.71,0.01,374,587497,买盘
672,10:04:09,15.71,0.0,45,70695,买盘
673,10:04:12,15.71,0.0,7,10993,买盘
674,10:04:15,15.7,-0.01,13,20412,卖盘
675,10:04:18,15.71,0.01,20,31405,买盘
676,10:04:21,15.71,0.0,88,138183,买盘
677,10:04:24,15.7,-0.01,11,17270,卖盘
678,10:04:27,15.71,0.01,46,72266,买盘
679,10:04:30,15.7,-0.01,85,133455,卖盘
680,10:04:33,15.7,0.0,118,185260,卖盘
681,10:04:36,15.7,0.0,39,61199,买盘
682,10:04:39,15.7,0.0,109,171052,买盘
683,10:04:42,15.7,0.0,16,25120,买盘
684,10:04:45,15.69,-0.01,94,147525,卖盘
685,10:04:48,15.69,0.0,169,265207,卖盘
686,10:04:51,15.7,0.01,4,6280,买盘
687,10:04:54,15.69,-0.01,824,1292865,卖盘
688,10:04:57,15.7,0.01,28,43942,买盘
689,10:05:00,15.69,-0.01,119,186716,卖盘
690,10:05:04,15.69,0.0,77,120813,卖盘
691,10:05:06,15.7,0.01,210,329535,买盘
692,10:05:09,15.69,-0.01,59,92574,卖盘
693,10:05:12,15.69,0.0,124,194521,卖盘
694,10:05:15,15.69,0.0,293,459487,买盘
695,10:05:18,15.69,0.0,178,279198,买盘
696,10:05:21,15.68,-0.01,1848,2897359,卖盘
697,10:05:24,15.67,-0.01,16,25081,卖盘
698,10:05:27,15.67,0.0,527,825947,卖盘
699,10:05:30,15.67,0.0,41,64252,卖盘
700,10:05:33,15.68,0.01,21,32918,买盘
701,10:05:36,15.67,-0.01,101,158267,卖盘
702,10:05:39,15.67,0.0,33,51711,卖盘
703,10:05:42,15.67,0.0,531,832170,卖盘
704,10:05:45,15.67,0.0,158,247586,卖盘
705,10:05:48,15.67,0.0,225,352640,卖盘
706,10:05:51,15.67,0.0,174,272716,卖盘
707,10:05:54,15.67,0.0,348,545316,卖盘
708,10:05:58,15.66,-0.01,83,130004,卖盘
709,10:06:00,15.67,0.01,7,10969,买盘
710,10:06:04,15.66,-0.01,69,108058,卖盘
711,10:06:06,15.67,0.01,106,166033,买盘
712,10:06:09,15.66,-0.01,177,277333,卖盘
713,10:06:12,15.66,0.0,1,1566,卖盘
714,10:06:15,15.67,0.01,49,76783,买盘
715,10:06:18,15.67,0.0,19,29773,卖盘
716,10:06:21,15.67,0.0,73,114391,卖盘
717,10:06:24,15.66,-0.01,157,246016,卖盘
718,10:06:27,15.67,0.01,66,103399,买盘
719,10:06:30,15.67,0.0,13,20371,卖盘
720,10:06:33,15.67,0.0,3,4701,卖盘
721,10:06:36,15.67,0.0,76,119107,卖盘
722,10:06:39,15.67,0.0,171,267965,卖盘
723,10:06:42,15.66,-0.01,7,10962,卖盘
724,10:06:45,15.67,0.01,37,57968,买盘
725,10:06:48,15.67,0.0,435,681514,买盘
726,10:06:51,15.67,0.0,145,227209,买盘
727,10:06:54,15.66,-0.01,170,266353,卖盘
728,10:06:57,15.66,0.0,19,29762,卖盘
729,10:07:00,15.67,0.01,9,14103,买盘
730,10:07:04,15.67,0.0,41,64221,买盘
731,10:07:06,15.67,0.0,97,151968,买盘
732,10:07:10,15.66,-0.01,81,126871,卖盘
733,10:07:12,15.67,0.01,6,9402,买盘
734,10:07:15,15.67,0.0,217,339913,买盘
735,10:07:21,15.67,0.0,36,56416,卖盘
736,10:07:24,15.68,0.01,16,25088,买盘
737,10:07:27,15.68,0.0,70,109738,买盘
738,10:07:30,15.68,0.0,106,166182,买盘
739,10:07:33,15.67,-0.01,64,100328,卖盘
740,10:07:36,15.68,0.01,30,47036,买盘
741,10:07:39,15.68,0.0,22,34496,卖盘
742,10:07:42,15.67,-0.01,82,128563,卖盘
743,10:07:45,15.68,0.01,83,130128,买盘
744,10:07:48,15.68,0.0,69,108185,买盘
745,10:07:51,15.69,0.01,120,188117,买盘
746,10:07:54,15.68,-0.01,26,40757,买盘
747,10:08:00,15.67,-0.01,3618,5665394,卖盘
748,10:08:04,15.67,0.0,116,181860,买盘
749,10:08:06,15.67,0.0,68,106545,买盘
750,10:08:09,15.66,-0.01,71,111190,卖盘
751,10:08:12,15.68,0.02,11,17240,买盘
752,10:08:15,15.66,-0.02,63,98689,卖盘
753,10:08:18,15.66,0.0,10,15660,卖盘
754,10:08:21,15.66,0.0,7,10962,卖盘
755,10:08:24,15.67,0.01,3,4701,买盘
756,10:08:27,15.67,0.0,125,195912,买盘
757,10:08:30,15.67,0.0,4,6268,卖盘
758,10:08:33,15.67,0.0,19,29773,卖盘
759,10:08:36,15.67,0.0,157,246016,卖盘
760,10:08:39,15.67,0.0,49,76737,买盘
761,10:08:42,15.66,-0.01,63,98711,卖盘
762,10:08:45,15.67,0.01,21,32906,买盘
763,10:08:48,15.66,-0.01,137,214653,卖盘
764,10:08:51,15.67,0.01,55,86139,买盘
765,10:08:54,15.67,0.0,58,90878,买盘
766,10:08:57,15.67,0.0,379,593656,买盘
767,10:09:00,15.67,0.0,98,153493,买盘
768,10:09:04,15.66,-0.01,64,100234,卖盘
769,10:09:06,15.66,0.0,84,131595,卖盘
770,10:09:09,15.67,0.01,46,72082,买盘
771,10:09:12,15.66,-0.01,20,31329,卖盘
772,10:09:15,15.66,0.0,6,9396,卖盘
773,10:09:18,15.66,0.0,33,51678,卖盘
774,10:09:21,15.66,0.0,140,219259,卖盘
775,10:09:24,15.67,0.01,15,23494,买盘
776,10:09:27,15.66,-0.01,110,172343,卖盘
777,10:09:30,15.66,0.0,232,363202,卖盘
778,10:09:33,15.66,0.0,22,34442,买盘
779,10:09:36,15.66,0.0,47,73573,买盘
780,10:09:39,15.66,0.0,27,42275,买盘
781,10:09:42,15.66,0.0,147,230140,买盘
782,10:09:45,15.66,0.0,163,255173,买盘
783,10:09:48,15.66,0.0,55,86140,买盘
784,10:09:51,15.67,0.01,171,267775,买盘
785,10:09:54,15.66,-0.01,14,21924,中性盘
786,10:09:57,15.66,0.0,74,115888,卖盘
787,10:10:00,15.65,-0.01,90,140902,卖盘
788,10:10:04,15.66,0.01,63,98718,中性盘
789,10:10:07,15.66,0.0,61,95514,买盘
790,10:10:09,15.65,-0.01,114,178462,卖盘
791,10:10:12,15.65,0.0,57,89208,卖盘
792,10:10:15,15.65,0.0,47,73576,卖盘
793,10:10:18,15.65,0.0,54,84510,卖盘
794,10:10:21,15.66,0.01,16,25041,买盘
795,10:10:24,15.66,0.0,236,369374,买盘
796,10:10:27,15.64,-0.02,823,1288075,卖盘
797,10:10:30,15.64,0.0,46,71960,卖盘
798,10:10:33,15.65,0.01,27,42248,买盘
799,10:10:36,15.64,-0.01,117,182989,卖盘
800,10:10:39,15.64,0.0,64,100132,卖盘
801,10:10:42,15.65,0.01,100,156416,买盘
802,10:10:45,15.64,-0.01,39,61023,卖盘
803,10:10:48,15.64,0.0,120,187730,卖盘
804,10:10:51,15.64,0.0,300,469203,卖盘
805,10:10:54,15.64,0.0,112,175171,卖盘
806,10:10:57,15.64,0.0,173,270572,卖盘
807,10:11:00,15.64,0.0,14,21898,卖盘
808,10:11:04,15.64,0.0,295,461383,卖盘
809,10:11:06,15.64,0.0,53,82886,买盘
810,10:11:09,15.63,-0.01,89,139162,卖盘
811,10:11:12,15.64,0.01,163,254778,买盘
812,10:11:15,15.61,-0.03,3923,6126393,卖盘
813,10:11:18,15.6,-0.01,317,495750,卖盘
814,10:11:21,15.63,0.03,47,73476,卖盘
815,10:11:24,15.64,0.01,144,225064,买盘
816,10:11:27,15.64,0.0,205,320515,买盘
817,10:11:30,15.62,-0.02,52,81251,卖盘
818,10:11:33,15.61,-0.01,46,71850,卖盘
819,10:11:36,15.63,0.02,59,92197,买盘
820,10:11:39,15.62,-0.01,15,23438,卖盘
821,10:11:42,15.62,0.0,5020,7832905,卖盘
822,10:11:45,15.62,0.0,364,568442,卖盘
823,10:11:48,15.63,0.01,152,236979,买盘
824,10:11:51,15.61,-0.02,85,132768,卖盘
825,10:11:54,15.61,0.0,62,96842,卖盘
826,10:11:57,15.62,0.01,87,135853,卖盘
827,10:12:00,15.62,0.0,17,26554,买盘
828,10:12:04,15.62,0.0,57,88988,买盘
829,10:12:07,15.62,0.0,74,115567,买盘
830,10:12:09,15.62,0.0,61,95239,买盘
831,10:12:12,15.62,0.0,303,473009,买盘
832,10:12:15,15.61,-0.01,108,168649,卖盘
833,10:12:18,15.61,0.0,53,82743,卖盘
834,10:12:21,15.61,0.0,46,71806,卖盘
835,10:12:24,15.63,0.02,111,173386,买盘
836,10:12:27,15.62,-0.01,52,81222,中性盘
837,10:12:30,15.62,0.0,23,35927,卖盘
838,10:12:33,15.61,-0.01,73,114021,卖盘
839,10:12:36,15.62,0.01,66,103086,中性盘
840,10:12:39,15.62,0.0,228,356236,卖盘
841,10:12:42,15.62,0.0,24,37488,卖盘
842,10:12:45,15.62,0.0,14,21860,中性盘
843,10:12:48,15.62,0.0,15,23430,卖盘
844,10:12:51,15.62,0.0,220,343532,卖盘
845,10:12:54,15.62,0.0,122,190564,买盘
846,10:12:57,15.63,0.01,9,14060,买盘
847,10:13:00,15.63,0.0,411,641783,买盘
848,10:13:03,15.63,0.0,53,82807,买盘
849,10:13:06,15.63,0.0,341,532917,买盘
850,10:13:09,15.63,0.0,8,12497,买盘
851,10:13:12,15.62,-0.01,39,60922,卖盘
852,10:13:15,15.63,0.01,26,40617,买盘
853,10:13:18,15.63,0.0,33,51556,买盘
854,10:13:21,15.63,0.0,56,87475,买盘
855,10:13:24,15.62,-0.01,431,673222,卖盘
856,10:13:27,15.63,0.01,420,656133,买盘
857,10:13:30,15.63,0.0,102,159387,买盘
858,10:13:33,15.63,0.0,247,385967,买盘
859,10:13:36,15.63,0.0,75,117216,买盘
860,10:13:39,15.62,-0.01,355,554831,卖盘
861,10:13:42,15.63,0.01,25,39068,买盘
862,10:13:45,15.63,0.0,22,34386,买盘
863,10:13:48,15.63,0.0,309,482924,买盘
864,10:13:51,15.62,-0.01,506,790823,卖盘
865,10:13:54,15.63,0.01,92,143766,买盘
866,10:13:57,15.62,-0.01,73,114054,卖盘
867,10:14:00,15.62,0.0,507,792440,卖盘
868,10:14:04,15.63,0.01,11,17190,买盘
869,10:14:06,15.64,0.01,69,107893,买盘
870,10:14:09,15.63,-0.01,78,122227,卖盘
871,10:14:12,15.63,0.0,35,54705,卖盘
872,10:14:15,15.63,0.0,140,218820,卖盘
873,10:14:18,15.64,0.01,8,12512,买盘
874,10:14:21,15.64,0.0,155,242408,买盘
875,10:14:24,15.63,-0.01,146,227878,卖盘
876,10:14:27,15.63,0.0,101,157863,买盘
877,10:14:30,15.63,0.0,59,92161,买盘
878,10:14:33,15.63,0.0,62,96906,买盘
879,10:14:36,15.63,0.0,250,390742,买盘
880,10:14:39,15.62,-0.01,232,362592,卖盘
881,10:14:42,15.62,0.0,36,56242,卖盘
882,10:14:45,15.63,0.01,132,206316,买盘
883,10:14:48,15.63,0.0,40,62498,买盘
884,10:14:51,15.62,-0.01,59,92187,卖盘
885,10:14:54,15.62,0.0,137,214041,卖盘
886,10:14:57,15.63,0.01,146,228098,买盘
887,10:15:00,15.63,0.0,53,82801,买盘
888,10:15:04,15.63,0.0,20,31255,买盘
889,10:15:06,15.62,-0.01,113,176556,卖盘
890,10:15:09,15.63,0.01,198,309311,买盘
891,10:15:12,15.63,0.0,64,99988,买盘
892,10:15:15,15.62,-0.01,54,84393,卖盘
893,10:15:18,15.64,0.02,23,35950,买盘
894,10:15:21,15.63,-0.01,209,326727,卖盘
895,10:15:24,15.63,0.0,69,107847,卖盘
896,10:15:27,15.63,0.0,62,96859,买盘
897,10:15:30,15.63,0.0,72,112536,买盘
898,10:15:33,15.63,0.0,202,315640,买盘
899,10:15:36,15.62,-0.01,14,21868,卖盘
900,10:15:39,15.63,0.01,81,126568,买盘
901,10:15:42,15.62,-0.01,3784,5910631,卖盘
902,10:15:45,15.62,0.0,19,29678,买盘
903,10:15:48,15.62,0.0,176,274749,买盘
904,10:15:51,15.62,0.0,177,276443,买盘
905,10:15:54,15.61,-0.01,207,323182,卖盘
906,10:15:57,15.61,0.0,7,10927,卖盘
907,10:16:00,15.62,0.01,16,24981,买盘
908,10:16:04,15.61,-0.01,1030,1607331,卖盘
909,10:16:06,15.61,0.0,26,40579,买盘
910,10:16:09,15.6,-0.01,2672,4168320,卖盘
911,10:16:12,15.59,-0.01,413,643887,卖盘
912,10:16:15,15.58,-0.01,162,252447,卖盘
913,10:16:18,15.58,0.0,556,866261,卖盘
914,10:16:21,15.58,0.0,536,835120,卖盘
915,10:16:24,15.58,0.0,50,77880,买盘
916,10:16:27,15.56,-0.02,720,1121009,卖盘
917,10:16:30,15.57,0.01,77,119874,卖盘
918,10:16:33,15.57,0.0,252,392310,卖盘
919,10:16:36,15.56,-0.01,322,501095,卖盘
920,10:16:39,15.56,0.0,125,194527,卖盘
921,10:16:42,15.56,0.0,775,1205929,卖盘
922,10:16:45,15.56,0.0,211,328327,卖盘
923,10:16:48,15.55,-0.01,122,189816,卖盘
924,10:16:51,15.55,0.0,638,992315,卖盘
925,10:16:54,15.55,0.0,728,1132647,卖盘
926,10:16:57,15.57,0.02,534,830965,买盘
927,10:17:00,15.56,-0.01,184,286260,中性盘
928,10:17:04,15.56,0.0,198,308114,卖盘
929,10:17:06,15.55,-0.01,159,247307,卖盘
930,10:17:09,15.56,0.01,336,522570,买盘
931,10:17:12,15.57,0.01,207,322129,买盘
932,10:17:15,15.57,0.0,319,496854,买盘
933,10:17:18,15.56,-0.01,78,121427,卖盘
934,10:17:21,15.56,0.0,573,891979,卖盘
935,10:17:24,15.56,0.0,465,723552,卖盘
936,10:17:27,15.56,0.0,52,80914,卖盘
937,10:17:30,15.56,0.0,73,113631,卖盘
938,10:17:33,15.57,0.01,378,588182,买盘
939,10:17:36,15.56,-0.01,140,217984,卖盘
940,10:17:39,15.56,0.0,175,272315,卖盘
941,10:17:42,15.56,0.0,77,119845,卖盘
942,10:17:45,15.57,0.01,251,390787,买盘
943,10:17:48,15.58,0.01,396,616809,买盘
944,10:17:51,15.57,-0.01,216,336342,卖盘
945,10:17:54,15.57,0.0,108,168122,买盘
946,10:17:57,15.57,0.0,32,49800,买盘
947,10:18:00,15.56,-0.01,588,916006,卖盘
948,10:18:04,15.57,0.01,66,102736,中性盘
949,10:18:06,15.57,0.0,286,445027,买盘
950,10:18:09,15.57,0.0,30,46710,买盘
951,10:18:12,15.57,0.0,57,88708,买盘
952,10:18:15,15.57,0.0,129,200851,买盘
953,10:18:18,15.58,0.01,24,37370,买盘
954,10:18:21,15.58,0.0,35,54525,买盘
955,10:18:24,15.58,0.0,496,772363,买盘
956,10:18:27,15.58,0.0,67,104427,卖盘
957,10:18:30,15.58,0.0,132,205586,卖盘
958,10:18:33,15.58,0.0,252,392432,买盘
959,10:18:36,15.58,0.0,42,65436,买盘
960,10:18:39,15.58,0.0,56,87212,买盘
961,10:18:42,15.58,0.0,524,815969,买盘
962,10:18:45,15.58,0.0,201,313148,买盘
963,10:18:48,15.58,0.0,93,144864,买盘
964,10:18:51,15.57,-0.01,70,109021,卖盘
965,10:18:54,15.57,0.0,95,147952,卖盘
966,10:18:57,15.58,0.01,160,249149,买盘
967,10:19:00,15.58,0.0,12,18690,买盘
968,10:19:04,15.58,0.0,121,188513,买盘
969,10:19:06,15.58,0.0,58,90353,买盘
970,10:19:09,15.58,0.0,107,166666,买盘
971,10:19:12,15.57,-0.01,102,158859,卖盘
972,10:19:15,15.57,0.0,102,158861,卖盘
973,10:19:18,15.58,0.01,52,81019,买盘
974,10:19:21,15.57,-0.01,297,462498,卖盘
975,10:19:24,15.57,0.0,129,200880,卖盘
976,10:19:27,15.57,0.0,255,397207,卖盘
977,10:19:30,15.58,0.01,19,29592,买盘
978,10:19:33,15.57,-0.01,64,99665,卖盘
979,10:19:36,15.58,0.01,16,24928,买盘
980,10:19:39,15.57,-0.01,29,45159,卖盘
981,10:19:42,15.58,0.01,444,691335,买盘
982,10:19:45,15.58,0.0,115,179109,买盘
983,10:19:48,15.58,0.0,504,785231,买盘
984,10:19:51,15.58,0.0,435,677730,卖盘
985,10:19:54,15.58,0.0,245,381694,卖盘
986,10:19:57,15.57,-0.01,307,478152,卖盘
987,10:20:00,15.58,0.01,85,132369,买盘
988,10:20:04,15.58,0.0,136,211784,买盘
989,10:20:06,15.57,-0.01,107,166635,卖盘
990,10:20:10,15.57,0.0,211,328594,卖盘
991,10:20:12,15.58,0.01,125,194696,买盘
992,10:20:15,15.58,0.0,104,161946,买盘
993,10:20:18,15.57,-0.01,70,109010,卖盘
994,10:20:21,15.57,0.0,461,717812,卖盘
995,10:20:24,15.57,0.0,87,135470,卖盘
996,10:20:27,15.58,0.01,147,228954,买盘
997,10:20:30,15.57,-0.01,42,65402,卖盘
998,10:20:33,15.58,0.01,41,63878,买盘
999,10:20:36,15.58,0.0,48,74772,买盘
1000,10:20:39,15.57,-0.01,20,31142,卖盘
1001,10:20:42,15.58,0.01,66,102785,买盘
1002,10:20:45,15.57,-0.01,197,306753,卖盘
1003,10:20:48,15.58,0.01,62,96586,买盘
1004,10:20:51,15.57,-0.01,166,258256,卖盘
1005,10:20:54,15.58,0.01,193,300580,买盘
1006,10:20:57,15.57,-0.01,111,172842,卖盘
1007,10:21:00,15.58,0.01,111,172831,买盘
1008,10:21:04,15.57,-0.01,64,99658,卖盘
1009,10:21:06,15.58,0.01,216,336374,买盘
1010,10:21:09,15.58,0.0,159,247609,买盘
1011,10:21:12,15.57,-0.01,177,275624,卖盘
1012,10:21:15,15.58,0.01,20,31152,买盘
1013,10:21:18,15.57,-0.01,37,57615,卖盘
1014,10:21:21,15.57,0.0,407,633701,卖盘
1015,10:21:24,15.58,0.01,116,180662,买盘
1016,10:21:27,15.58,0.0,491,764951,买盘
1017,10:21:30,15.58,0.0,185,288230,卖盘
1018,10:21:33,15.58,0.0,37,57646,卖盘
1019,10:21:36,15.59,0.01,80,124653,买盘
1020,10:21:39,15.58,-0.01,578,900531,卖盘
1021,10:21:42,15.58,0.0,360,561192,卖盘
1022,10:21:45,15.59,0.01,43,67016,买盘
1023,10:21:48,15.59,0.0,72,112242,买盘
1024,10:21:51,15.58,-0.01,1,1558,卖盘
1025,10:21:54,15.59,0.01,208,324231,买盘
1026,10:21:57,15.59,0.0,42,65459,买盘
1027,10:22:00,15.59,0.0,59,91952,买盘
1028,10:22:04,15.59,0.0,34,52995,买盘
1029,10:22:06,15.59,0.0,129,201003,买盘
1030,10:22:09,15.58,-0.01,290,451914,卖盘
1031,10:22:12,15.59,0.01,28,43626,买盘
1032,10:22:15,15.59,0.0,54,84148,买盘
1033,10:22:18,15.59,0.0,26,40533,买盘
1034,10:22:21,15.59,0.0,568,885147,买盘
1035,10:22:24,15.58,-0.01,97,151155,卖盘
1036,10:22:27,15.59,0.01,144,224410,买盘
1037,10:22:30,15.58,-0.01,97,151209,卖盘
1038,10:22:33,15.59,0.01,9,14031,买盘
1039,10:22:36,15.59,0.0,54,84203,买盘
1040,10:22:39,15.58,-0.01,19,29608,卖盘
1041,10:22:42,15.59,0.01,128,199447,买盘
1042,10:22:45,15.59,0.0,75,116971,买盘
1043,10:22:48,15.58,-0.01,198,308555,卖盘
1044,10:22:51,15.59,0.01,1922,2993207,买盘
1045,10:22:54,15.59,0.0,234,364707,买盘
1046,10:22:57,15.59,0.0,2,3118,买盘
1047,10:23:00,15.59,0.0,43,67026,买盘
1048,10:23:04,15.58,-0.01,177,275758,卖盘
1049,10:23:06,15.58,0.0,5,7790,买盘
1050,10:23:09,15.58,0.0,97,151116,买盘
1051,10:23:12,15.58,0.0,27,42066,买盘
1052,10:23:15,15.58,0.0,112,174523,买盘
1053,10:23:21,15.58,0.0,129,200863,卖盘
1054,10:23:24,15.58,0.0,40,62315,买盘
1055,10:23:27,15.58,0.0,50,77893,买盘
1056,10:23:30,15.58,0.0,32,49856,买盘
1057,10:23:33,15.58,0.0,35,54506,买盘
1058,10:23:36,15.58,0.0,47,73219,买盘
1059,10:23:39,15.58,0.0,10,15580,买盘
1060,10:23:42,15.58,0.0,231,359987,买盘
1061,10:23:48,15.58,0.0,89,138711,卖盘
1062,10:23:51,15.59,0.01,113,176051,买盘
1063,10:23:54,15.58,-0.01,25,38957,卖盘
1064,10:23:57,15.58,0.0,40,62324,卖盘
1065,10:24:01,15.59,0.01,38,59215,买盘
1066,10:24:04,15.59,0.0,39,60769,买盘
1067,10:24:06,15.59,0.0,38,59227,买盘
1068,10:24:09,15.59,0.0,101,157453,买盘
1069,10:24:12,15.58,-0.01,5,7792,卖盘
1070,10:24:15,15.59,0.01,192,299328,买盘
1071,10:24:18,15.58,-0.01,40,62359,卖盘
1072,10:24:21,15.59,0.01,40,62353,买盘
1073,10:24:24,15.59,0.0,2,3118,买盘
1074,10:24:27,15.59,0.0,78,121583,买盘
1075,10:24:30,15.58,-0.01,14,21819,卖盘
1076,10:24:33,15.59,0.01,57,88847,买盘
1077,10:24:36,15.59,0.0,325,506669,买盘
1078,10:24:39,15.58,-0.01,15,23374,卖盘
1079,10:24:42,15.59,0.01,70,109133,卖盘
1080,10:24:45,15.59,0.0,4,6237,卖盘
1081,10:24:48,15.59,0.0,79,123228,卖盘
1082,10:24:51,15.59,0.0,89,138838,卖盘
1083,10:24:54,15.6,0.01,42,65510,买盘
1084,10:24:57,15.6,0.0,361,562817,买盘
1085,10:25:00,15.6,0.0,52,81109,买盘
1086,10:25:04,15.59,-0.01,6,9359,卖盘
1087,10:25:06,15.59,0.0,123,191758,卖盘
1088,10:25:09,15.59,0.0,206,321285,卖盘
1089,10:25:12,15.6,0.01,32,49898,买盘
1090,10:25:16,15.59,-0.01,33,51453,卖盘
1091,10:25:18,15.59,0.0,152,236999,卖盘
1092,10:25:21,15.58,-0.01,10,15580,卖盘
1093,10:25:24,15.59,0.01,393,612686,买盘
1094,10:25:27,15.59,0.0,50,77991,卖盘
1095,10:25:30,15.6,0.01,196,305737,买盘
1096,10:25:33,15.6,0.0,11,17160,卖盘
1097,10:25:36,15.6,0.0,118,184080,卖盘
1098,10:25:39,15.6,0.0,27,42120,卖盘
1099,10:25:42,15.6,0.0,134,209040,卖盘
1100,10:25:45,15.59,-0.01,139,216801,卖盘
1101,10:25:48,15.59,0.0,106,165299,卖盘
1102,10:25:52,15.59,0.0,8,12474,卖盘
1103,10:25:54,15.59,0.0,23,35858,卖盘
1104,10:25:57,15.6,0.01,167,260365,买盘
1105,10:26:00,15.6,0.0,16,24954,买盘
1106,10:26:04,15.6,0.0,10,15599,买盘
1107,10:26:06,15.6,0.0,25,38990,买盘
1108,10:26:09,15.6,0.0,81,126334,买盘
1109,10:26:12,15.59,-0.01,64,99833,卖盘
1110,10:26:15,15.59,0.0,76,118535,卖盘
1111,10:26:18,15.6,0.01,425,662628,卖盘
1112,10:26:21,15.6,0.0,147,229321,买盘
1113,10:26:24,15.6,0.0,224,349444,卖盘
1114,10:26:27,15.6,0.0,24,37440,卖盘
1115,10:26:30,15.6,0.0,73,113880,卖盘
1116,10:26:33,15.6,0.0,24,37456,卖盘
1117,10:26:36,15.61,0.01,90,140412,买盘
1118,10:26:39,15.61,0.0,77,120170,买盘
1119,10:26:42,15.6,-0.01,19,29640,卖盘
1120,10:26:45,15.6,0.0,39,60857,卖盘
1121,10:26:48,15.6,0.0,179,279240,卖盘
1122,10:26:51,15.6,0.0,104,162229,买盘
1123,10:26:54,15.6,0.0,401,625560,买盘
1124,10:26:57,15.6,0.0,65,101392,买盘
1125,10:27:00,15.6,0.0,54,84240,买盘
1126,10:27:04,15.6,0.0,75,117002,卖盘
1127,10:27:06,15.6,0.0,26,40563,卖盘
1128,10:27:09,15.6,0.0,158,246480,卖盘
1129,10:27:12,15.61,0.01,72,112377,买盘
1130,10:27:15,15.61,0.0,10,15610,买盘
1131,10:27:18,15.6,-0.01,233,363485,卖盘
1132,10:27:21,15.6,0.0,12,18720,买盘
1133,10:27:24,15.6,0.0,36,56150,买盘
1134,10:27:27,15.6,0.0,114,177839,买盘
1135,10:27:30,15.59,-0.01,209,325844,卖盘
1136,10:27:33,15.6,0.01,177,276120,买盘
1137,10:27:36,15.61,0.01,74,115503,买盘
1138,10:27:39,15.6,-0.01,12,18720,卖盘
1139,10:27:42,15.6,0.0,73,113933,卖盘
1140,10:27:45,15.6,0.0,32,49938,卖盘
1141,10:27:48,15.61,0.01,21,32781,买盘
1142,10:27:51,15.6,-0.01,93,145073,卖盘
1143,10:27:54,15.6,0.0,2,3119,买盘
1144,10:27:57,15.6,0.0,32,49907,买盘
1145,10:28:00,15.6,0.0,165,257400,买盘
1146,10:28:04,15.6,0.0,145,226184,买盘
1147,10:28:06,15.6,0.0,10,15600,买盘
1148,10:28:09,15.6,0.0,191,297943,买盘
1149,10:28:12,15.59,-0.01,305,475545,卖盘
1150,10:28:15,15.6,0.01,479,747240,买盘
1151,10:28:18,15.6,0.0,404,629899,卖盘
1152,10:28:21,15.6,0.0,18,28080,卖盘
1153,10:28:24,15.59,-0.01,152,237126,卖盘
1154,10:28:27,15.61,0.02,6,9362,买盘
1155,10:28:30,15.6,-0.01,149,232309,卖盘
1156,10:28:33,15.61,0.01,208,324250,买盘
1157,10:28:36,15.6,-0.01,69,107670,卖盘
1158,10:28:39,15.59,-0.01,106,165214,卖盘
1159,10:28:42,15.6,0.01,106,165231,买盘
1160,10:28:45,15.58,-0.02,54,84201,卖盘
1161,10:28:48,15.6,0.02,13,20280,买盘
1162,10:28:51,15.58,-0.02,79,123195,卖盘
1163,10:28:54,15.6,0.02,20,31168,买盘
1164,10:28:57,15.58,-0.02,222,345878,卖盘
1165,10:29:00,15.58,0.0,206,320998,卖盘
1166,10:29:04,15.58,0.0,11,17138,卖盘
1167,10:29:06,15.58,0.0,232,361457,卖盘
1168,10:29:10,15.58,0.0,21,32731,卖盘
1169,10:29:12,15.59,0.01,72,112239,买盘
1170,10:29:15,15.59,0.0,78,121602,卖盘
1171,10:29:18,15.59,0.0,208,324265,买盘
1172,10:29:21,15.6,0.01,498,776474,买盘
1173,10:29:24,15.6,0.0,227,354120,卖盘
1174,10:29:27,15.6,0.0,188,293280,卖盘
1175,10:29:30,15.61,0.01,51,79600,买盘
1176,10:29:33,15.6,-0.01,25,39022,卖盘
1177,10:29:36,15.61,0.01,174,271463,买盘
1178,10:29:39,15.61,0.0,10,15609,买盘
1179,10:29:42,15.6,-0.01,126,196669,卖盘
1180,10:29:45,15.6,0.0,298,465205,卖盘
1181,10:29:48,15.61,0.01,18,28097,卖盘
1182,10:29:51,15.61,0.0,46,71845,卖盘
1183,10:29:54,15.62,0.01,5,7807,买盘
1184,10:29:57,15.59,-0.03,151,235629,卖盘
1185,10:30:00,15.61,0.02,96,149694,买盘
1186,10:30:04,15.61,0.0,9,14042,买盘
1187,10:30:06,15.6,-0.01,43,67080,卖盘
1188,10:30:09,15.6,0.0,131,204259,买盘
1189,10:30:12,15.61,0.01,86,133846,买盘
1190,10:30:15,15.6,-0.01,159,248007,卖盘
1191,10:30:18,15.6,0.0,165,257310,买盘
1192,10:30:21,15.59,-0.01,188,293168,卖盘
1193,10:30:24,15.59,0.0,17,26510,卖盘
1194,10:30:27,15.59,0.0,210,327312,卖盘
1195,10:30:30,15.59,0.0,125,194915,卖盘
1196,10:30:33,15.59,0.0,60,93565,买盘
1197,10:30:36,15.58,-0.01,105,163616,卖盘
1198,10:30:39,15.6,0.02,24,37420,买盘
1199,10:30:42,15.6,0.0,52,81071,买盘
1200,10:30:45,15.6,0.0,45,70185,买盘
1201,10:30:48,15.59,-0.01,39,60774,买盘
1202,10:30:51,15.59,0.0,10,15590,买盘
1203,10:30:54,15.6,0.01,22,34308,买盘
1204,10:30:57,15.59,-0.01,33,51447,卖盘
1205,10:31:00,15.6,0.01,2,3120,买盘
1206,10:31:04,15.59,-0.01,67,104510,卖盘
1207,10:31:06,15.59,0.0,75,116925,卖盘
1208,10:31:09,15.59,0.0,23,35850,买盘
1209,10:31:12,15.59,0.0,60,93536,买盘
1210,10:31:15,15.59,0.0,488,760385,买盘
1211,10:31:18,15.58,-0.01,59,91926,卖盘
1212,10:31:21,15.59,0.01,22,34278,买盘
1213,10:31:24,15.59,0.0,112,174608,买盘
1214,10:31:27,15.59,0.0,130,202633,买盘
1215,10:31:30,15.6,0.01,48,74873,买盘
1216,10:31:33,15.59,-0.01,33,51447,卖盘
1217,10:31:37,15.59,0.0,12,18708,卖盘
1218,10:31:39,15.6,0.01,79,123179,买盘
1219,10:31:42,15.59,-0.01,201,313359,卖盘
1220,10:31:45,15.6,0.01,20,31182,买盘
1221,10:31:48,15.59,-0.01,22,34298,卖盘
1222,10:31:51,15.6,0.01,54,84227,买盘
1223,10:31:54,15.59,-0.01,74,115366,卖盘
1224,10:31:57,15.59,0.0,1,1559,卖盘
1225,10:32:00,15.59,0.0,179,279211,卖盘
1226,10:32:04,15.59,0.0,51,79553,卖盘
1227,10:32:06,15.6,0.01,35,54600,买盘
1228,10:32:09,15.59,-0.01,11,17149,卖盘
1229,10:32:12,15.6,0.01,39,60840,买盘
1230,10:32:15,15.59,-0.01,754,1175493,卖盘
1231,10:32:18,15.6,0.01,6,9360,买盘
1232,10:32:21,15.6,0.0,15,23390,买盘
1233,10:32:24,15.6,0.0,2,3120,买盘
1234,10:32:27,15.6,0.0,108,168374,买盘
1235,10:32:30,15.59,-0.01,86,134115,卖盘
1236,10:32:33,15.59,0.0,46,71716,卖盘
1237,10:32:36,15.59,0.0,40,62350,买盘
1238,10:32:39,15.6,0.01,214,333840,买盘
1239,10:32:42,15.59,-0.01,38,59256,卖盘
1240,10:32:45,15.6,0.01,33,51472,买盘
1241,10:32:48,15.6,0.0,60,93590,买盘
1242,10:32:51,15.6,0.0,125,195000,买盘
1243,10:32:54,15.59,-0.01,24,37429,卖盘
1244,10:32:57,15.6,0.01,63,98280,买盘
1245,10:33:00,15.6,0.0,23,35873,买盘
1246,10:33:04,15.6,0.0,7,10920,买盘
1247,10:33:06,15.59,-0.01,14,21828,卖盘
1248,10:33:09,15.59,0.0,21,32739,卖盘
1249,10:33:13,15.6,0.01,68,106062,买盘
1250,10:33:15,15.6,0.0,117,182414,买盘
1251,10:33:18,15.59,-0.01,304,473941,卖盘
1252,10:33:21,15.58,-0.01,78,121534,卖盘
1253,10:33:24,15.58,0.0,111,172963,卖盘
1254,10:33:27,15.58,0.0,186,289808,卖盘
1255,10:33:30,15.59,0.01,87,135615,买盘
1256,10:33:33,15.59,0.0,128,199544,买盘
1257,10:33:36,15.59,0.0,59,91981,卖盘
1258,10:33:39,15.6,0.01,67,104456,买盘
1259,10:33:42,15.59,-0.01,6,9357,卖盘
1260,10:33:45,15.6,0.01,171,266691,买盘
1261,10:33:48,15.6,0.0,7,10920,买盘
1262,10:33:51,15.59,-0.01,152,237016,卖盘
1263,10:33:54,15.59,0.0,11,17153,卖盘
1264,10:33:57,15.6,0.01,88,137280,买盘
1265,10:34:00,15.61,0.01,12,18722,买盘
1266,10:34:04,15.61,0.0,5,7801,买盘
1267,10:34:06,15.6,-0.01,109,170139,卖盘
1268,10:34:09,15.61,0.01,26,40586,买盘
1269,10:34:12,15.61,0.0,89,138985,卖盘
1270,10:34:15,15.62,0.01,157,245229,买盘
1271,10:34:18,15.62,0.0,20,31240,卖盘
1272,10:34:21,15.63,0.01,120,187540,买盘
1273,10:34:24,15.63,0.0,22,34374,买盘
1274,10:34:27,15.62,-0.01,74,115589,卖盘
1275,10:34:30,15.63,0.01,29,45327,买盘
1276,10:34:33,15.63,0.0,92,143796,卖盘
1277,10:34:36,15.63,0.0,1,1563,买盘
1278,10:34:39,15.62,-0.01,69,107878,卖盘
1279,10:34:42,15.63,0.01,1,1563,中性盘
1280,10:34:45,15.63,0.0,41,64062,买盘
1281,10:34:48,15.62,-0.01,52,81231,卖盘
1282,10:34:51,15.63,0.01,13,20306,买盘
1283,10:34:54,15.63,0.0,53,82839,买盘
1284,10:34:57,15.62,-0.01,23,35952,卖盘
1285,10:35:00,15.62,0.0,18,28121,卖盘
1286,10:35:04,15.64,0.02,130,203056,买盘
1287,10:35:06,15.6,-0.04,300,468897,卖盘
1288,10:35:09,15.6,0.0,154,241041,卖盘
1289,10:35:12,15.6,0.0,21,32007,卖盘
1290,10:35:15,15.62,0.02,37,57794,买盘
1291,10:35:18,15.61,-0.01,47,73701,卖盘
1292,10:35:21,15.61,0.0,36,55915,卖盘
1293,10:35:24,15.61,0.0,56,87170,卖盘
1294,10:35:27,15.62,0.01,148,232103,买盘
1295,10:35:30,15.61,-0.01,28,43708,卖盘
1296,10:35:33,15.62,0.01,98,151938,中性盘
1297,10:35:36,15.61,-0.01,16,25474,卖盘
1298,10:35:39,15.61,0.0,13,20294,卖盘
1299,10:35:42,15.62,0.01,113,176260,买盘
1300,10:35:45,15.62,0.0,59,91778,买盘
1301,10:35:48,15.61,-0.01,43,67154,卖盘
1302,10:35:51,15.62,0.01,95,148889,买盘
1303,10:35:54,15.6,-0.02,83,129349,卖盘
1304,10:35:57,15.6,0.0,7,10795,卖盘
1305,10:36:00,15.62,0.02,32,49938,买盘
1306,10:36:04,15.61,-0.01,111,173064,卖盘
1307,10:36:06,15.62,0.01,45,71093,买盘
1308,10:36:10,15.62,0.0,108,168547,买盘
1309,10:36:12,15.61,-0.01,28,42692,中性盘
1310,10:36:15,15.62,0.01,86,133974,买盘
1311,10:36:18,15.62,0.0,62,97420,买盘
1312,10:36:21,15.6,-0.02,29,45088,卖盘
1313,10:36:24,15.61,0.01,41,64228,买盘
1314,10:36:27,15.61,0.0,47,72505,买盘
1315,10:36:30,15.61,0.0,1,1561,卖盘
1316,10:36:33,15.62,0.01,100,156114,买盘
1317,10:36:36,15.6,-0.02,114,178001,卖盘
1318,10:36:39,15.6,0.0,10,15838,卖盘
1319,10:36:42,15.6,0.0,61,95176,卖盘
1320,10:36:45,15.61,0.01,33,51515,中性盘
1321,10:36:48,15.61,0.0,19,29659,卖盘
1322,10:36:51,15.61,0.0,89,138929,卖盘
1323,10:36:55,15.62,0.01,176,275422,买盘
1324,10:36:57,15.61,-0.01,12,18141,卖盘
1325,10:37:00,15.61,0.0,20,31220,卖盘
1326,10:37:04,15.62,0.01,35,55264,买盘
1327,10:37:07,15.62,0.0,11,17183,卖盘
1328,10:37:09,15.62,0.0,20,31240,卖盘
1329,10:37:12,15.63,0.01,41,64082,买盘
1330,10:37:15,15.62,-0.01,40,62484,卖盘
1331,10:37:18,15.62,0.0,3,4686,卖盘
1332,10:37:21,15.62,0.0,66,103116,卖盘
1333,10:37:24,15.62,0.0,42,65019,卖盘
1334,10:37:27,15.6,-0.02,1896,2959016,卖盘
1335,10:37:30,15.6,0.0,229,356855,买盘
1336,10:37:33,15.6,0.0,80,125426,买盘
1337,10:37:36,15.6,0.0,14,21068,买盘
1338,10:37:39,15.59,-0.01,284,443012,卖盘
1339,10:37:42,15.59,0.0,131,204481,卖盘
1340,10:37:45,15.59,0.0,39,60848,卖盘
1341,10:37:48,15.59,0.0,804,1253624,卖盘
1342,10:37:51,15.59,0.0,108,168111,卖盘
1343,10:37:54,15.58,-0.01,133,207477,卖盘
1344,10:38:00,15.6,0.02,25,38985,买盘
1345,10:38:03,15.59,-0.01,126,196434,卖盘
1346,10:38:06,15.58,-0.01,33,51414,卖盘
1347,10:38:12,15.59,0.01,194,302446,买盘
1348,10:38:15,15.59,0.0,24,37416,卖盘
1349,10:38:18,15.59,0.0,16,24945,卖盘
1350,10:38:21,15.6,0.01,9,14040,买盘
1351,10:38:24,15.59,-0.01,45,70160,卖盘
1352,10:38:27,15.59,0.0,81,126279,卖盘
1353,10:38:33,15.59,0.0,58,90466,卖盘
1354,10:38:36,15.59,0.0,146,227674,卖盘
1355,10:38:39,15.59,0.0,19,29621,卖盘
1356,10:38:42,15.6,0.01,27,42120,买盘
1357,10:38:45,15.6,0.0,729,1137182,买盘
1358,10:38:48,15.6,0.0,124,192988,买盘
1359,10:38:51,15.6,0.0,27,42130,卖盘
1360,10:38:54,15.61,0.01,26,40594,买盘
1361,10:38:57,15.6,-0.01,87,135777,卖盘
1362,10:39:00,15.59,-0.01,87,135701,卖盘
1363,10:39:04,15.61,0.02,7,10921,买盘
1364,10:39:06,15.6,-0.01,46,71760,卖盘
1365,10:39:12,15.61,0.01,59,92079,买盘
1366,10:39:15,15.61,0.0,17,26522,买盘
1367,10:39:18,15.61,0.0,22,34328,买盘
1368,10:39:21,15.6,-0.01,68,106102,卖盘
1369,10:39:24,15.61,0.01,6,9366,买盘
1370,10:39:27,15.6,-0.01,15,23400,卖盘
1371,10:39:30,15.6,0.0,18,28080,卖盘
1372,10:39:33,15.6,0.0,304,474445,卖盘
1373,10:39:36,15.6,0.0,28,43680,买盘
1374,10:39:39,15.59,-0.01,93,145062,卖盘
1375,10:39:42,15.6,0.01,3,4680,买盘
1376,10:39:45,15.59,-0.01,193,300928,卖盘
1377,10:39:48,15.59,0.0,32,49893,卖盘
1378,10:39:51,15.59,0.0,69,107571,卖盘
1379,10:39:54,15.59,0.0,11,17149,卖盘
1380,10:39:57,15.59,0.0,9,14031,卖盘
1381,10:40:00,15.6,0.01,7,10920,买盘
1382,10:40:03,15.59,-0.01,83,129398,卖盘
1383,10:40:07,15.59,0.0,67,104496,卖盘
1384,10:40:09,15.59,0.0,244,380396,卖盘
1385,10:40:12,15.58,-0.01,131,204173,卖盘
1386,10:40:15,15.59,0.01,22,34298,买盘
1387,10:40:18,15.58,-0.01,112,174506,卖盘
1388,10:40:24,15.58,0.0,70,109108,卖盘
1389,10:40:27,15.59,0.01,28,43642,卖盘
1390,10:40:30,15.59,0.0,47,73273,卖盘
1391,10:40:33,15.6,0.01,73,113867,买盘
1392,10:40:36,15.6,0.0,24,37420,买盘
1393,10:40:40,15.58,-0.02,89,138757,卖盘
1394,10:40:45,15.6,0.02,30,46778,买盘
1395,10:40:48,15.6,0.0,16,24946,买盘
1396,10:40:51,15.58,-0.02,20,31178,卖盘
1397,10:40:57,15.58,0.0,24,37393,卖盘
1398,10:41:00,15.58,0.0,15,23375,卖盘
1399,10:41:03,15.58,0.0,25,38960,卖盘
1400,10:41:06,15.59,0.01,69,107571,卖盘
1401,10:41:09,15.58,-0.01,15,23370,卖盘
1402,10:41:12,15.58,0.0,85,132472,卖盘
1403,10:41:18,15.58,0.0,16,24928,卖盘
1404,10:41:21,15.59,0.01,539,841499,买盘
1405,10:41:24,15.59,0.0,651,1014869,买盘
1406,10:41:27,15.59,0.0,48,74835,卖盘
1407,10:41:30,15.6,0.01,86,134146,买盘
1408,10:41:34,15.59,-0.01,49,76392,卖盘
1409,10:41:36,15.6,0.01,2141,3334812,买盘
1410,10:41:39,15.59,-0.01,197,307007,中性盘
1411,10:41:42,15.6,0.01,33,51774,买盘
1412,10:41:45,15.59,-0.01,122,190287,卖盘
1413,10:41:48,15.6,0.01,57,89454,买盘
1414,10:41:51,15.59,-0.01,95,147935,卖盘
1415,10:41:54,15.59,0.0,23,36496,卖盘
1416,10:41:57,15.59,0.0,46,71158,卖盘
1417,10:42:00,15.59,0.0,105,163040,卖盘
1418,10:42:04,15.6,0.01,87,136351,买盘
1419,10:42:06,15.6,0.0,9,14281,买盘
1420,10:42:09,15.6,0.0,38,59258,买盘
1421,10:42:12,15.6,0.0,5,8108,买盘
1422,10:42:15,15.6,0.0,47,73305,买盘
1423,10:42:18,15.59,-0.01,95,148236,卖盘
1424,10:42:21,15.59,0.0,10,14655,卖盘
1425,10:42:24,15.59,0.0,82,127883,卖盘
1426,10:42:27,15.6,0.01,26,40017,买盘
1427,10:42:30,15.6,0.0,92,144942,买盘
1428,10:42:33,15.59,-0.01,10,14717,卖盘
1429,10:42:36,15.6,0.01,17,26505,买盘
1430,10:42:39,15.6,0.0,5,7719,买盘
1431,10:42:42,15.6,0.0,277,432100,买盘
1432,10:42:45,15.59,-0.01,306,477199,卖盘
1433,10:42:48,15.6,0.01,268,418491,买盘
1434,10:42:51,15.59,-0.01,141,220057,卖盘
1435,10:42:57,15.6,0.01,14,21844,中性盘
1436,10:43:00,15.6,0.0,29,45240,卖盘
1437,10:43:04,15.6,0.0,196,305641,买盘
1438,10:43:06,15.6,0.0,58,90498,买盘
1439,10:43:09,15.6,0.0,19,29640,卖盘
1440,10:43:12,15.61,0.01,43,67123,买盘
1441,10:43:15,15.61,0.0,31,48391,卖盘
1442,10:43:18,15.6,-0.01,27,42144,卖盘
1443,10:43:21,15.6,0.0,16,24960,卖盘
1444,10:43:24,15.61,0.01,57,88962,卖盘
1445,10:43:27,15.62,0.01,49,76511,买盘
1446,10:43:30,15.61,-0.01,13,20293,中性盘
1447,10:43:33,15.6,-0.01,89,138847,卖盘
1448,10:43:36,15.62,0.02,252,393586,买盘
1449,10:43:39,15.62,0.0,33,51546,卖盘
1450,10:43:42,15.62,0.0,100,156200,卖盘
1451,10:43:45,15.63,0.01,1,1563,买盘
1452,10:43:48,15.63,0.0,53,82809,买盘
1453,10:43:51,15.63,0.0,26,40626,买盘
1454,10:43:54,15.63,0.0,16,24995,买盘
1455,10:43:57,15.62,-0.01,80,124960,卖盘
1456,10:44:00,15.62,0.0,108,168770,卖盘
1457,10:44:04,15.62,0.0,115,179729,卖盘
1458,10:44:06,15.62,0.0,200,312405,卖盘
1459,10:44:09,15.63,0.01,178,278082,买盘
1460,10:44:12,15.63,0.0,163,254769,买盘
1461,10:44:15,15.63,0.0,52,81276,卖盘
1462,10:44:18,15.64,0.01,14,21896,买盘
1463,10:44:21,15.63,-0.01,335,523605,卖盘
1464,10:44:24,15.62,-0.01,71,110909,卖盘
1465,10:44:27,15.61,-0.01,30,46831,卖盘
1466,10:44:30,15.6,-0.01,131,204366,卖盘
1467,10:44:33,15.61,0.01,15,23415,买盘
1468,10:44:36,15.6,-0.01,87,135723,卖盘
1469,10:44:39,15.61,0.01,33,51486,中性盘
1470,10:44:42,15.6,-0.01,127,198127,卖盘
1471,10:44:45,15.61,0.01,63,98343,卖盘
1472,10:44:48,15.62,0.01,129,201327,买盘
1473,10:44:51,15.59,-0.03,33,51452,卖盘
1474,10:44:54,15.6,0.01,76,118594,卖盘
1475,10:44:57,15.62,0.02,72,112415,买盘
1476,10:45:00,15.61,-0.01,15,23401,中性盘
1477,10:45:04,15.6,-0.01,31,48373,卖盘
1478,10:45:06,15.61,0.01,55,85847,买盘
1479,10:45:09,15.61,0.0,17,26523,买盘
1480,10:45:12,15.61,0.0,52,81123,买盘
1481,10:45:15,15.6,-0.01,97,151324,卖盘
1482,10:45:21,15.6,0.0,15,23400,卖盘
1483,10:45:24,15.6,0.0,803,1251216,卖盘
1484,10:45:27,15.58,-0.02,173,270867,卖盘
1485,10:45:30,15.58,0.0,168,261854,卖盘
1486,10:45:33,15.59,0.01,32,48970,买盘
1487,10:45:36,15.59,0.0,109,169758,买盘
1488,10:45:39,15.59,0.0,44,68603,卖盘
1489,10:45:42,15.6,0.01,103,160600,买盘
1490,10:45:45,15.6,0.0,7,10920,卖盘
1491,10:45:48,15.6,0.0,32,49920,卖盘
1492,10:45:51,15.6,0.0,16,24961,卖盘
1493,10:45:54,15.61,0.01,76,118565,买盘
1494,10:45:57,15.6,-0.01,31,48360,卖盘
1495,10:46:00,15.59,-0.01,32,49897,卖盘
1496,10:46:04,15.6,0.01,54,84226,买盘
1497,10:46:06,15.59,-0.01,16,24945,卖盘
1498,10:46:09,15.59,0.0,20,31180,卖盘
1499,10:46:12,15.6,0.01,37,57700,买盘
1500,10:46:15,15.59,-0.01,3,4677,卖盘
1501,10:46:18,15.59,0.0,29,45212,卖盘
1502,10:46:21,15.59,0.0,27,42103,卖盘
1503,10:46:24,15.59,0.0,227,353930,卖盘
1504,10:46:27,15.58,-0.01,32,50497,卖盘
1505,10:46:30,15.58,0.0,6,9332,卖盘
1506,10:46:33,15.58,0.0,118,183845,卖盘
1507,10:46:36,15.58,0.0,90,139684,卖盘
1508,10:46:39,15.58,0.0,44,68896,卖盘
1509,10:46:42,15.59,0.01,255,397121,买盘
1510,10:46:45,15.58,-0.01,496,772825,卖盘
1511,10:46:48,15.58,0.0,111,173078,卖盘
1512,10:46:51,15.58,0.0,46,72276,卖盘
1513,10:46:54,15.58,0.0,85,131152,卖盘
1514,10:46:57,15.57,-0.01,789,1229738,卖盘
1515,10:47:00,15.57,0.0,154,239605,卖盘
1516,10:47:04,15.57,0.0,74,115520,卖盘
1517,10:47:06,15.57,0.0,119,185283,卖盘
1518,10:47:09,15.57,0.0,28,43777,卖盘
1519,10:47:12,15.57,0.0,321,498978,卖盘
1520,10:47:15,15.58,0.01,31,49312,买盘
1521,10:47:18,15.57,-0.01,26,40482,卖盘
1522,10:47:21,15.57,0.0,964,1500148,卖盘
1523,10:47:24,15.58,0.01,306,476933,买盘
1524,10:47:27,15.57,-0.01,113,176505,卖盘
1525,10:47:30,15.57,0.0,14,21455,卖盘
1526,10:47:33,15.58,0.01,36,56054,买盘
1527,10:47:36,15.57,-0.01,33,51879,卖盘
1528,10:47:39,15.58,0.01,32,48416,买盘
1529,10:47:42,15.58,0.0,11,17073,买盘
1530,10:47:45,15.57,-0.01,129,200908,卖盘
1531,10:47:48,15.58,0.01,41,64173,买盘
1532,10:47:51,15.58,0.0,25,39054,买盘
1533,10:47:54,15.57,-0.01,52,81487,卖盘
1534,10:47:57,15.57,0.0,74,115599,卖盘
1535,10:48:00,15.57,0.0,116,179508,卖盘
1536,10:48:04,15.58,0.01,67,104829,买盘
1537,10:48:06,15.57,-0.01,45,70102,卖盘
1538,10:48:09,15.58,0.01,41,64107,买盘
1539,10:48:12,15.58,0.0,841,1310102,买盘
1540,10:48:15,15.57,-0.01,211,328527,卖盘
1541,10:48:18,15.58,0.01,61,94981,买盘
1542,10:48:24,15.58,0.0,90,140178,买盘
1543,10:48:27,15.58,0.0,83,129314,买盘
1544,10:48:30,15.57,-0.01,58,90307,卖盘
1545,10:48:33,15.57,0.0,340,529399,卖盘
1546,10:48:36,15.58,0.01,49,76323,买盘
1547,10:48:39,15.57,-0.01,82,127682,卖盘
1548,10:48:42,15.58,0.01,1,1558,买盘
1549,10:48:45,15.57,-0.01,58,90343,卖盘
1550,10:48:48,15.57,0.0,87,135474,卖盘
1551,10:48:51,15.57,0.0,126,196268,卖盘
1552,10:48:54,15.57,0.0,35,53997,卖盘
1553,10:48:57,15.57,0.0,23,36653,卖盘
1554,10:49:00,15.57,0.0,164,255691,卖盘
1555,10:49:04,15.58,0.01,92,142960,买盘
1556,10:49:06,15.57,-0.01,39,60855,卖盘
1557,10:49:09,15.58,0.01,18,27041,买盘
1558,10:49:12,15.58,0.0,22,35070,买盘
1559,10:49:15,15.57,-0.01,64,99969,卖盘
1560,10:49:18,15.57,0.0,93,143950,卖盘
1561,10:49:21,15.58,0.01,46,71670,买盘
1562,10:49:24,15.58,0.0,89,138613,买盘
1563,10:49:27,15.58,0.0,12,18469,买盘
1564,10:49:30,15.57,-0.01,123,191534,卖盘
1565,10:49:33,15.57,0.0,161,250993,卖盘
1566,10:49:36,15.58,0.01,51,80281,买盘
1567,10:49:39,15.58,0.0,124,193104,买盘
1568,10:49:42,15.58,0.0,34,52139,买盘
1569,10:49:45,15.57,-0.01,85,133053,卖盘
1570,10:49:48,15.57,0.0,44,67946,卖盘
1571,10:49:51,15.57,0.0,54,83767,卖盘
1572,10:49:54,15.58,0.01,2838,4421934,买盘
1573,10:49:57,15.58,0.0,153,238231,买盘
1574,10:50:00,15.57,-0.01,57,88802,卖盘
1575,10:50:04,15.58,0.01,76,118380,买盘
1576,10:50:06,15.58,0.0,113,176030,买盘
1577,10:50:09,15.57,-0.01,17,26470,卖盘
1578,10:50:12,15.57,0.0,74,115271,卖盘
1579,10:50:15,15.57,0.0,38,59172,卖盘
1580,10:50:18,15.57,0.0,525,817509,卖盘
1581,10:50:21,15.57,0.0,94,146358,卖盘
1582,10:50:24,15.57,0.0,78,121811,卖盘
1583,10:50:27,15.58,0.01,33,50721,买盘
1584,10:50:30,15.57,-0.01,230,357912,卖盘
1585,10:50:33,15.58,0.01,135,210216,买盘
1586,10:50:36,15.58,0.0,75,116793,买盘
1587,10:50:39,15.58,0.0,1,1558,买盘
1588,10:50:42,15.58,0.0,496,772751,买盘
1589,10:50:45,15.58,0.0,31,48307,卖盘
1590,10:50:51,15.58,0.0,36,56088,卖盘
1591,10:50:54,15.58,0.0,5,7791,卖盘
1592,10:50:57,15.58,0.0,18,28044,卖盘
1593,10:51:00,15.58,0.0,14,21812,卖盘
1594,10:51:04,15.59,0.01,131,204175,买盘
1595,10:51:06,15.58,-0.01,306,476751,卖盘
1596,10:51:09,15.58,0.0,52,81020,卖盘
1597,10:51:12,15.58,0.0,166,258628,卖盘
1598,10:51:15,15.58,0.0,19,29603,卖盘
1599,10:51:18,15.58,0.0,167,260190,卖盘
1600,10:51:21,15.59,0.01,13,20257,买盘
1601,10:51:24,15.58,-0.01,53,82612,卖盘
1602,10:51:27,15.58,0.0,18,28047,卖盘
1603,10:51:30,15.58,0.0,22,34276,卖盘
1604,10:51:33,15.58,0.0,12,18696,卖盘
1605,10:51:36,15.58,0.0,62,96643,卖盘
1606,10:51:39,15.59,0.01,48,74832,买盘
1607,10:51:42,15.59,0.0,322,501977,买盘
1608,10:51:45,15.58,-0.01,341,531608,卖盘
1609,10:51:48,15.59,0.01,444,691782,买盘
1610,10:51:51,15.58,-0.01,88,137100,卖盘
1611,10:51:57,15.58,0.0,584,910428,卖盘
1612,10:52:00,15.58,0.0,38,59749,卖盘
1613,10:52:04,15.57,-0.01,156,242460,卖盘
1614,10:52:06,15.59,0.02,32,49888,买盘
1615,10:52:09,15.58,-0.01,62,96633,卖盘
1616,10:52:12,15.58,0.0,86,134064,卖盘
1617,10:52:15,15.58,0.0,118,183854,卖盘
1618,10:52:18,15.59,0.01,69,108123,买盘
1619,10:52:21,15.59,0.0,65,101890,买盘
1620,10:52:24,15.59,0.0,44,67389,买盘
1621,10:52:27,15.58,-0.01,37,59111,卖盘
1622,10:52:30,15.58,0.0,18,27410,卖盘
1623,10:52:33,15.59,0.01,76,117710,买盘
1624,10:52:36,15.58,-0.01,28,44683,卖盘
1625,10:52:39,15.58,0.0,25,37900,卖盘
1626,10:52:42,15.59,0.01,798,1244171,买盘
1627,10:52:48,15.6,0.01,21,32741,买盘
1628,10:52:51,15.59,-0.01,26,40534,卖盘
1629,10:52:54,15.59,0.0,17,26506,卖盘
1630,10:52:57,15.59,0.0,17,26503,卖盘
1631,10:53:00,15.59,0.0,27,42097,卖盘
1632,10:53:04,15.6,0.01,58,90459,买盘
1633,10:53:06,15.6,0.0,235,366369,买盘
1634,10:53:09,15.6,0.0,48,74857,买盘
1635,10:53:12,15.6,0.0,11,17160,买盘
1636,10:53:15,15.58,-0.02,82,127846,卖盘
1637,10:53:18,15.6,0.02,1,1560,买盘
1638,10:53:21,15.58,-0.02,28,43635,卖盘
1639,10:53:24,15.59,0.01,39,60801,买盘
1640,10:53:27,15.59,0.0,13,20267,卖盘
1641,10:53:30,15.59,0.0,11,17153,卖盘
1642,10:53:33,15.6,0.01,20,31180,买盘
1643,10:53:36,15.6,0.0,9,14040,买盘
1644,10:53:39,15.6,0.0,16,24932,买盘
1645,10:53:42,15.58,-0.02,43,67027,卖盘
1646,10:53:45,15.58,0.0,158,246261,卖盘
1647,10:53:48,15.58,0.0,80,124640,卖盘
1648,10:53:51,15.58,0.0,18,28052,卖盘
1649,10:53:54,15.59,0.01,25,38956,买盘
1650,10:53:57,15.59,0.0,5,7792,买盘
1651,10:54:00,15.58,-0.01,105,163591,卖盘
1652,10:54:04,15.58,0.0,60,93518,卖盘
1653,10:54:06,15.58,0.0,60,93517,卖盘
1654,10:54:09,15.59,0.01,42,65470,买盘
1655,10:54:12,15.59,0.0,22,34277,买盘
1656,10:54:15,15.58,-0.01,25,38950,卖盘
1657,10:54:18,15.59,0.01,75,116920,买盘
1658,10:54:21,15.58,-0.01,44,68581,卖盘
1659,10:54:24,15.58,0.0,52,81058,卖盘
1660,10:54:27,15.59,0.01,82,127838,买盘
1661,10:54:30,15.59,0.0,35,54565,卖盘
1662,10:54:33,15.59,0.0,47,73274,卖盘
1663,10:54:36,15.6,0.01,9,14040,买盘
1664,10:54:39,15.59,-0.01,20,31180,卖盘
1665,10:54:45,15.6,0.01,126,196545,买盘
1666,10:54:48,15.6,0.0,74,115370,买盘
1667,10:54:51,15.6,0.0,62,96696,买盘
1668,10:54:54,15.6,0.0,52,81085,买盘
1669,10:54:57,15.6,0.0,54,84240,买盘
1670,10:55:00,15.59,-0.01,201,313444,卖盘
1671,10:55:04,15.6,0.01,51,79558,买盘
1672,10:55:06,15.6,0.0,19,29625,买盘
1673,10:55:09,15.6,0.0,52,81112,买盘
1674,10:55:12,15.59,-0.01,71,110745,卖盘
1675,10:55:15,15.6,0.01,8,12477,中性盘
1676,10:55:18,15.59,-0.01,45,70188,卖盘
1677,10:55:21,15.59,0.0,43,67044,卖盘
1678,10:55:24,15.6,0.01,41,63956,买盘
1679,10:55:27,15.59,-0.01,76,118532,卖盘
1680,10:55:30,15.6,0.01,88,137310,中性盘
1681,10:55:33,15.6,0.0,38,59254,买盘
1682,10:55:36,15.6,0.0,10,15600,买盘
1683,10:55:39,15.6,0.0,21,32760,卖盘
1684,10:55:42,15.59,-0.01,84,131001,卖盘
1685,10:55:45,15.6,0.01,58,90466,买盘
1686,10:55:48,15.6,0.0,18,28080,买盘
1687,10:55:51,15.59,-0.01,15,23389,卖盘
1688,10:55:54,15.59,0.0,29,45221,卖盘
1689,10:56:00,15.59,0.0,14,21831,卖盘
1690,10:56:04,15.6,0.01,4,6240,买盘
1691,10:56:06,15.6,0.0,20,31201,卖盘
1692,10:56:09,15.6,0.0,23,35880,卖盘
1693,10:56:12,15.6,0.0,16,24961,卖盘
1694,10:56:15,15.61,0.01,7,10921,买盘
1695,10:56:18,15.6,-0.01,104,162240,卖盘
1696,10:56:21,15.59,-0.01,17,26513,卖盘
1697,10:56:24,15.59,0.0,49,76429,卖盘
1698,10:56:27,15.59,0.0,24,37416,卖盘
1699,10:56:30,15.6,0.01,212,330716,买盘
1700,10:56:33,15.6,0.0,18,28066,买盘
1701,10:56:36,15.6,0.0,28,43680,买盘
1702,10:56:39,15.6,0.0,37,57694,买盘
1703,10:56:42,15.6,0.0,13,20275,买盘
1704,10:56:45,15.6,0.0,148,230865,买盘
1705,10:56:51,15.61,0.01,36,56173,买盘
1706,10:56:54,15.61,0.0,10,15610,买盘
1707,10:56:57,15.6,-0.01,31,48368,卖盘
1708,10:57:00,15.59,-0.01,24,37422,卖盘
1709,10:57:04,15.6,0.01,60,93620,中性盘
1710,10:57:06,15.59,-0.01,109,169945,卖盘
1711,10:57:12,15.59,0.0,35,54568,卖盘
1712,10:57:15,15.6,0.01,52,81100,买盘
1713,10:57:18,15.6,0.0,19,29626,买盘
1714,10:57:24,15.59,-0.01,161,251041,卖盘
1715,10:57:27,15.6,0.01,327,510116,买盘
1716,10:57:30,15.59,-0.01,15,23385,卖盘
1717,10:57:33,15.59,0.0,26,40534,卖盘
1718,10:57:36,15.59,0.0,40,62380,卖盘
1719,10:57:39,15.59,0.0,21,32739,卖盘
1720,10:57:42,15.6,0.01,4,6240,买盘
1721,10:57:45,15.6,0.0,61,95141,买盘
1722,10:57:48,15.6,0.0,2,3119,买盘
1723,10:57:51,15.6,0.0,27,42106,买盘
1724,10:57:54,15.6,0.0,6,9356,买盘
1725,10:57:57,15.6,0.0,173,269708,买盘
1726,10:58:00,15.6,0.0,61,95152,买盘
1727,10:58:04,15.6,0.0,222,346156,买盘
1728,10:58:06,15.59,-0.01,32,50558,卖盘
1729,10:58:09,15.6,0.01,217,338462,买盘
1730,10:58:12,15.6,0.0,67,103326,买盘
1731,10:58:15,15.6,0.0,21,32743,买盘
1732,10:58:18,15.59,-0.01,20,31180,卖盘
1733,10:58:21,15.59,0.0,54,84186,卖盘
1734,10:58:24,15.59,0.0,95,148638,卖盘
1735,10:58:27,15.59,0.0,7,10909,买盘
1736,10:58:30,15.58,-0.01,22,34278,卖盘
1737,10:58:33,15.58,0.0,40,62324,卖盘
1738,10:58:36,15.58,0.0,63,98155,卖盘
1739,10:58:39,15.58,0.0,19,29602,卖盘
1740,10:58:42,15.59,0.01,79,123122,买盘
1741,10:58:45,15.58,-0.01,52,81054,卖盘
1742,10:58:48,15.58,0.0,35,54563,卖盘
1743,10:58:51,15.58,0.0,134,208772,卖盘
1744,10:58:54,15.59,0.01,24,37412,买盘
1745,10:58:57,15.58,-0.01,191,297578,卖盘
1746,10:59:00,15.58,0.0,14,21859,卖盘
1747,10:59:04,15.59,0.01,615,958207,买盘
1748,10:59:06,15.58,-0.01,161,250577,卖盘
1749,10:59:09,15.58,0.0,51,79927,卖盘
1750,10:59:12,15.58,0.0,438,682155,卖盘
1751,10:59:15,15.58,0.0,73,113484,买盘
1752,10:59:18,15.58,0.0,69,107159,买盘
1753,10:59:21,15.58,0.0,73,114944,买盘
1754,10:59:24,15.57,-0.01,63,98222,卖盘
1755,10:59:27,15.57,0.0,10,15461,卖盘
1756,10:59:30,15.57,0.0,57,88789,卖盘
1757,10:59:33,15.58,0.01,1536,2392178,买盘
1758,10:59:36,15.58,0.0,22,34257,买盘
1759,10:59:39,15.58,0.0,5,7790,买盘
1760,10:59:42,15.58,0.0,17,26470,买盘
1761,10:59:45,15.58,0.0,51,79458,买盘
1762,10:59:48,15.58,0.0,191,297547,买盘
1763,10:59:51,15.58,0.0,10,15580,买盘
1764,10:59:54,15.58,0.0,119,185388,买盘
1765,10:59:57,15.58,0.0,180,281309,买盘
1766,11:00:00,15.58,0.0,81,126204,卖盘
1767,11:00:04,15.59,0.01,136,211848,买盘
1768,11:00:06,15.59,0.0,27,42093,买盘
1769,11:00:09,15.58,-0.01,222,345878,卖盘
1770,11:00:12,15.57,-0.01,37,57662,卖盘
1771,11:00:15,15.58,0.01,33,51405,买盘
1772,11:00:18,15.58,0.0,21,32718,买盘
1773,11:00:21,15.59,0.01,23,35822,买盘
1774,11:00:24,15.59,0.0,49,76379,买盘
1775,11:00:27,15.58,-0.01,70,109103,卖盘
1776,11:00:30,15.58,0.0,73,113787,卖盘
1777,11:00:33,15.58,0.0,143,222834,卖盘
1778,11:00:36,15.59,0.01,83,129321,买盘
1779,11:00:39,15.58,-0.01,31,48328,卖盘
1780,11:00:42,15.59,0.01,24,37393,买盘
1781,11:00:45,15.58,-0.01,41,63916,卖盘
1782,11:00:48,15.57,-0.01,102,158893,卖盘
1783,11:00:51,15.58,0.01,15,23378,买盘
1784,11:00:54,15.58,0.0,28,43606,买盘
1785,11:00:57,15.58,0.0,64,99712,买盘
1786,11:01:00,15.58,0.0,619,964941,卖盘
1787,11:01:04,15.59,0.01,149,232419,卖盘
1788,11:01:06,15.59,0.0,25,38980,卖盘
1789,11:01:09,15.58,-0.01,43,67027,卖盘
1790,11:01:12,15.6,0.02,2,3120,买盘
1791,11:01:15,15.6,0.0,28,43645,买盘
1792,11:01:18,15.6,0.0,10,15600,买盘
1793,11:01:21,15.58,-0.02,71,110627,卖盘
1794,11:01:24,15.59,0.01,19,29613,买盘
1795,11:01:27,15.59,0.0,32,49888,卖盘
1796,11:01:30,15.6,0.01,26,40556,买盘
1797,11:01:33,15.59,-0.01,37,57683,卖盘
1798,11:01:36,15.6,0.01,28,43662,买盘
1799,11:01:39,15.6,0.0,2,3119,买盘
1800,11:01:42,15.59,-0.01,72,112307,卖盘
1801,11:01:45,15.6,0.01,38,59280,买盘
1802,11:01:48,15.59,-0.01,19,29621,卖盘
1803,11:01:51,15.6,0.01,97,151265,买盘
1804,11:01:54,15.59,-0.01,132,205788,卖盘
1805,11:01:57,15.58,-0.01,42,65474,卖盘
1806,11:02:00,15.59,0.01,32,49868,买盘
1807,11:02:04,15.59,0.0,48,74822,买盘
1808,11:02:06,15.59,0.0,117,182341,买盘
1809,11:02:09,15.59,0.0,48,74813,买盘
1810,11:02:12,15.59,0.0,55,85745,买盘
1811,11:02:15,15.58,-0.01,96,149588,卖盘
1812,11:02:18,15.59,0.01,20,31178,买盘
1813,11:02:21,15.58,-0.01,61,95076,卖盘
1814,11:02:24,15.58,0.0,155,240593,卖盘
1815,11:02:27,15.59,0.01,59,91961,买盘
1816,11:02:30,15.59,0.0,2,3118,买盘
1817,11:02:33,15.58,-0.01,202,314790,卖盘
1818,11:02:36,15.59,0.01,62,96658,买盘
1819,11:02:39,15.59,0.0,14,21826,卖盘
1820,11:02:42,15.59,0.0,26,40541,卖盘
1821,11:02:45,15.59,0.0,65,101373,卖盘
1822,11:02:48,15.59,0.0,15,23385,卖盘
1823,11:02:51,15.6,0.01,19,29640,买盘
1824,11:02:54,15.6,0.0,37,57701,买盘
1825,11:02:57,15.59,-0.01,29,45211,卖盘
1826,11:03:00,15.59,0.0,15,23386,卖盘
1827,11:03:04,15.6,0.01,99,154411,买盘
1828,11:03:06,15.59,-0.01,27,42100,卖盘
1829,11:03:09,15.6,0.01,16,24960,买盘
1830,11:03:12,15.59,-0.01,74,115412,卖盘
1831,11:03:15,15.59,0.0,73,113808,卖盘
1832,11:03:18,15.59,0.0,44,68597,卖盘
1833,11:03:21,15.59,0.0,67,104477,卖盘
1834,11:03:24,15.59,0.0,53,82670,卖盘
1835,11:03:27,15.6,0.01,88,138159,买盘
1836,11:03:30,15.6,0.0,68,106055,卖盘
1837,11:03:33,15.61,0.01,15,23401,买盘
1838,11:03:36,15.6,-0.01,7,10920,卖盘
1839,11:03:39,15.6,0.0,19,29640,卖盘
1840,11:03:42,15.6,0.0,24,37440,卖盘
1841,11:03:45,15.59,-0.01,14,21826,卖盘
1842,11:03:48,15.59,0.0,24,37420,卖盘
1843,11:03:51,15.59,0.0,30,46773,卖盘
1844,11:03:54,15.59,0.0,284,443138,卖盘
1845,11:03:57,15.6,0.01,81,126294,买盘
1846,11:04:00,15.6,0.0,127,198025,买盘
1847,11:04:04,15.6,0.0,10,15592,买盘
1848,11:04:06,15.6,0.0,36,56160,卖盘
1849,11:04:09,15.59,-0.01,56,87340,卖盘
1850,11:04:12,15.6,0.01,49,76458,卖盘
1851,11:04:15,15.6,0.0,143,223081,卖盘
1852,11:04:18,15.6,0.0,170,265202,卖盘
1853,11:04:21,15.6,0.0,74,115422,卖盘
1854,11:04:24,15.59,-0.01,73,113824,卖盘
1855,11:04:27,15.6,0.01,70,109137,买盘
1856,11:04:30,15.6,0.0,81,126285,买盘
1857,11:04:33,15.59,-0.01,57,88875,卖盘
1858,11:04:36,15.59,0.0,384,598656,卖盘
1859,11:04:39,15.59,0.0,56,86357,买盘
1860,11:04:42,15.59,0.0,115,179182,买盘
1861,11:04:45,15.59,0.0,115,180116,买盘
1862,11:04:48,15.58,-0.01,93,144909,卖盘
1863,11:04:51,15.59,0.01,79,123115,买盘
1864,11:04:54,15.59,0.0,59,91981,卖盘
1865,11:04:57,15.59,0.0,10,15592,卖盘
1866,11:05:00,15.59,0.0,22,34305,卖盘
1867,11:05:03,15.59,0.0,151,235447,卖盘
1868,11:05:06,15.58,-0.01,158,246314,卖盘
1869,11:05:09,15.6,0.02,24,37406,买盘
1870,11:05:12,15.58,-0.02,80,124740,卖盘
1871,11:05:15,15.59,0.01,69,107571,买盘
1872,11:05:18,15.58,-0.01,25,38950,卖盘
1873,11:05:21,15.58,0.0,212,330496,卖盘
1874,11:05:24,15.58,0.0,75,116887,卖盘
1875,11:05:27,15.58,0.0,60,93490,卖盘
1876,11:05:30,15.58,0.0,54,84132,卖盘
1877,11:05:33,15.58,0.0,9,14022,卖盘
1878,11:05:36,15.59,0.01,23,35835,买盘
1879,11:05:39,15.58,-0.01,81,126198,卖盘
1880,11:05:42,15.59,0.01,43,67037,买盘
1881,11:05:45,15.58,-0.01,52,81053,卖盘
1882,11:05:48,15.59,0.01,17,26503,买盘
1883,11:05:51,15.59,0.0,78,121573,买盘
1884,11:05:54,15.59,0.0,50,77928,买盘
1885,11:05:57,15.58,-0.01,106,165203,卖盘
1886,11:06:00,15.59,0.01,3,4678,买盘
1887,11:06:04,15.59,0.0,47,73252,买盘
1888,11:06:06,15.58,-0.01,108,168303,卖盘
1889,11:06:09,15.59,0.01,21,32734,卖盘
1890,11:06:12,15.58,-0.01,65,101333,卖盘
1891,11:06:15,15.58,0.0,9,14022,卖盘
1892,11:06:18,15.58,0.0,94,146572,卖盘
1893,11:06:21,15.58,0.0,53,82574,卖盘
1894,11:06:24,15.59,0.01,66,102864,买盘
1895,11:06:27,15.58,-0.01,101,157359,卖盘
1896,11:06:30,15.58,0.0,27,41162,卖盘
1897,11:06:33,15.59,0.01,23,37071,买盘
1898,11:06:36,15.6,0.01,69,107621,买盘
1899,11:06:39,15.59,-0.01,43,65634,卖盘
1900,11:06:42,15.58,-0.01,28,45039,卖盘
1901,11:06:45,15.59,0.01,37,57685,卖盘
1902,11:06:48,15.58,-0.01,39,60783,卖盘
1903,11:06:51,15.58,0.0,30,46761,卖盘
1904,11:06:54,15.59,0.01,6,9354,买盘
1905,11:06:57,15.59,0.0,32,49862,买盘
1906,11:07:00,15.59,0.0,101,157408,买盘
1907,11:07:04,15.59,0.0,16,24945,卖盘
1908,11:07:09,15.58,-0.01,25,38965,卖盘
1909,11:07:12,15.59,0.01,202,314718,买盘
1910,11:07:15,15.59,0.0,45,68877,买盘
1911,11:07:18,15.59,0.0,18,28062,卖盘
1912,11:07:21,15.6,0.01,75,116753,买盘
1913,11:07:24,15.58,-0.02,22,34281,卖盘
1914,11:07:27,15.59,0.01,42,66681,买盘
1915,11:07:30,15.59,0.0,52,80590,卖盘
1916,11:07:33,15.6,0.01,94,147275,买盘
1917,11:07:36,15.59,-0.01,73,112419,卖盘
1918,11:07:39,15.59,0.0,89,138673,卖盘
1919,11:07:42,15.59,0.0,21,32720,买盘
1920,11:07:45,15.58,-0.01,62,96605,卖盘
1921,11:07:48,15.58,0.0,20,31165,卖盘
1922,11:07:51,15.59,0.01,20,31171,卖盘
1923,11:07:54,15.59,0.0,23,35858,卖盘
1924,11:07:57,15.59,0.0,25,38984,卖盘
1925,11:08:00,15.59,0.0,189,294812,卖盘
1926,11:08:03,15.59,0.0,18,28062,卖盘
1927,11:08:06,15.6,0.01,7,10920,买盘
1928,11:08:09,15.59,-0.01,6,9354,卖盘
1929,11:08:12,15.59,0.0,4,6657,卖盘
1930,11:08:15,15.59,0.0,20,31180,卖盘
1931,11:08:18,15.59,0.0,21,33388,卖盘
1932,11:08:21,15.59,0.0,15,23401,卖盘
1933,11:08:24,15.59,0.0,32,48921,卖盘
1934,11:08:27,15.59,0.0,29,45430,卖盘
1935,11:08:30,15.6,0.01,17,26112,买盘
1936,11:08:33,15.59,-0.01,4,7047,卖盘
1937,11:08:36,15.59,0.0,89,138822,卖盘
1938,11:08:39,15.6,0.01,36,55417,买盘
1939,11:08:42,15.59,-0.01,2,4474,卖盘
1940,11:08:45,15.6,0.01,35,54599,买盘
1941,11:08:48,15.6,0.0,31,47838,买盘
1942,11:08:51,15.59,-0.01,97,150389,卖盘
1943,11:08:54,15.59,0.0,212,331621,买盘
1944,11:08:58,15.58,-0.01,63,98437,卖盘
1945,11:09:00,15.58,0.0,79,122746,卖盘
1946,11:09:04,15.59,0.01,191,297308,买盘
1947,11:09:06,15.58,-0.01,23,35927,卖盘
1948,11:09:09,15.58,0.0,27,42072,卖盘
1949,11:09:12,15.59,0.01,9,13373,买盘
1950,11:09:18,15.58,-0.01,28,43624,卖盘
1951,11:09:21,15.58,0.0,165,257876,卖盘
1952,11:09:24,15.58,0.0,29,44890,卖盘
1953,11:09:27,15.59,0.01,83,128737,买盘
1954,11:09:30,15.58,-0.01,63,98812,卖盘
1955,11:09:33,15.59,0.01,36,55884,买盘
1956,11:09:36,15.59,0.0,46,72038,买盘
1957,11:09:39,15.59,0.0,44,69385,买盘
1958,11:09:42,15.59,0.0,40,61118,买盘
1959,11:09:45,15.59,0.0,524,816916,买盘
1960,11:09:48,15.58,-0.01,6,9350,卖盘
1961,11:09:51,15.58,0.0,66,102837,卖盘
1962,11:09:54,15.59,0.01,85,132490,买盘
1963,11:09:57,15.58,-0.01,22,34276,卖盘
1964,11:10:00,15.59,0.01,96,149632,买盘
1965,11:10:03,15.58,-0.01,27,42073,卖盘
1966,11:10:06,15.59,0.01,15,23385,买盘
1967,11:10:09,15.59,0.0,92,143418,买盘
1968,11:10:12,15.59,0.0,5,7795,买盘
1969,11:10:15,15.59,0.0,90,140283,买盘
1970,11:10:18,15.59,0.0,18,28062,买盘
1971,11:10:21,15.58,-0.01,124,193275,卖盘
1972,11:10:24,15.59,0.01,27,42092,买盘
1973,11:10:27,15.59,0.0,59,91956,买盘
1974,11:10:33,15.59,0.0,325,507310,买盘
1975,11:10:36,15.59,0.0,64,99819,卖盘
1976,11:10:39,15.6,0.01,2,3120,买盘
1977,11:10:42,15.6,0.0,9,14032,买盘
1978,11:10:45,15.59,-0.01,62,96659,卖盘
1979,11:10:48,15.6,0.01,29,45221,买盘
1980,11:10:51,15.6,0.0,3,4680,买盘
1981,11:10:54,15.6,0.0,41,63960,买盘
1982,11:10:57,15.59,-0.01,9,14035,卖盘
1983,11:11:00,15.59,0.0,120,187180,卖盘
1984,11:11:06,15.59,0.0,87,135634,卖盘
1985,11:11:09,15.58,-0.01,122,190498,卖盘
1986,11:11:12,15.59,0.01,33,51467,中性盘
1987,11:11:18,15.59,0.0,8,12472,卖盘
1988,11:11:21,15.6,0.01,33,51448,买盘
1989,11:11:24,15.6,0.0,109,170040,买盘
1990,11:11:27,15.59,-0.01,31,48355,卖盘
1991,11:11:30,15.6,0.01,15,23400,买盘
1992,11:11:33,15.61,0.01,21,32754,买盘
1993,11:11:36,15.6,-0.01,5,7800,卖盘
1994,11:11:39,15.61,0.01,42,65562,买盘
1995,11:11:45,15.6,-0.01,64,99840,卖盘
1996,11:11:48,15.6,0.0,57,88928,卖盘
1997,11:11:51,15.61,0.01,9,14049,买盘
1998,11:11:54,15.6,-0.01,31,48372,卖盘
1999,11:11:57,15.61,0.01,51,79598,买盘
2000,11:12:00,15.61,0.0,10,15610,买盘
2001,11:12:04,15.6,-0.01,93,145172,卖盘
2002,11:12:06,15.6,0.0,110,171635,卖盘
2003,11:12:09,15.61,0.01,151,235703,买盘
2004,11:12:12,15.61,0.0,50,78050,买盘
2005,11:12:15,15.6,-0.01,25,39012,卖盘
2006,11:12:18,15.6,0.0,40,62400,卖盘
2007,11:12:21,15.6,0.0,6,9360,卖盘
2008,11:12:24,15.6,0.0,50,78000,卖盘
2009,11:12:27,15.61,0.01,87,135721,买盘
2010,11:12:30,15.61,0.0,59,92099,买盘
2011,11:12:33,15.6,-0.01,247,385561,卖盘
2012,11:12:36,15.61,0.01,258,402738,买盘
2013,11:12:39,15.61,0.0,18,28098,卖盘
2014,11:12:45,15.61,0.0,485,757094,卖盘
2015,11:12:48,15.61,0.0,132,205968,买盘
2016,11:12:51,15.61,0.0,610,952210,买盘
2017,11:12:54,15.62,0.01,4,6248,买盘
2018,11:12:57,15.61,-0.01,58,90538,卖盘
2019,11:13:00,15.61,0.0,66,103026,卖盘
2020,11:13:06,15.62,0.01,437,682594,买盘
2021,11:13:09,15.62,0.0,25,39051,卖盘
2022,11:13:12,15.62,0.0,18,28116,卖盘
2023,11:13:15,15.62,0.0,13,20310,卖盘
2024,11:13:18,15.62,0.0,1,1562,卖盘
2025,11:13:21,15.63,0.01,472,737736,买盘
2026,11:13:24,15.63,0.0,70,109410,卖盘
2027,11:13:27,15.63,0.0,177,276652,卖盘
2028,11:13:30,15.63,0.0,77,120334,卖盘
2029,11:13:33,15.62,-0.01,23,35929,卖盘
2030,11:13:36,15.64,0.02,362,565807,买盘
2031,11:13:39,15.63,-0.01,25,39075,卖盘
2032,11:13:42,15.63,0.0,34,53150,卖盘
2033,11:13:45,15.64,0.01,104,162620,买盘
2034,11:13:48,15.63,-0.01,256,400140,卖盘
2035,11:13:51,15.63,0.0,659,1030635,买盘
2036,11:13:54,15.62,-0.01,87,136009,卖盘
2037,11:13:57,15.63,0.01,32,49992,买盘
2038,11:14:00,15.64,0.01,62,96954,买盘
2039,11:14:04,15.62,-0.02,58,90596,卖盘
2040,11:14:06,15.62,0.0,708,1107224,卖盘
2041,11:14:09,15.64,0.02,66,103102,买盘
2042,11:14:12,15.64,0.0,38,59404,买盘
2043,11:14:15,15.63,-0.01,80,125072,卖盘
2044,11:14:18,15.62,-0.01,27,42175,卖盘
2045,11:14:21,15.63,0.01,49,76587,买盘
2046,11:14:24,15.64,0.01,65,101598,买盘
2047,11:14:27,15.63,-0.01,21,32823,卖盘
2048,11:14:30,15.64,0.01,21,32824,买盘
2049,11:14:33,15.63,-0.01,282,440767,卖盘
2050,11:14:36,15.64,0.01,651,1018164,买盘
2051,11:14:39,15.64,0.0,95,148498,买盘
2052,11:14:42,15.64,0.0,2,3128,买盘
2053,11:14:45,15.64,0.0,38,59413,买盘
2054,11:14:51,15.64,0.0,204,319056,买盘
2055,11:14:57,15.64,0.0,35,54740,卖盘
2056,11:15:00,15.64,0.0,94,147036,卖盘
2057,11:15:04,15.62,-0.02,483,755414,卖盘
2058,11:15:06,15.65,0.03,416,651040,买盘
2059,11:15:09,15.62,-0.03,29,45298,卖盘
2060,11:15:12,15.62,0.0,22,34366,卖盘
2061,11:15:15,15.63,0.01,30,46890,买盘
2062,11:15:18,15.62,-0.01,114,178103,卖盘
2063,11:15:21,15.64,0.02,86,134375,买盘
2064,11:15:24,15.61,-0.03,122,190542,卖盘
2065,11:15:27,15.62,0.01,3,4686,中性盘
2066,11:15:30,15.62,0.0,23,35928,买盘
2067,11:15:33,15.62,0.0,52,81224,卖盘
2068,11:15:36,15.63,0.01,29,45307,买盘
2069,11:15:39,15.63,0.0,46,71898,买盘
2070,11:15:42,15.63,0.0,800,1249632,卖盘
2071,11:15:45,15.63,0.0,25,39079,卖盘
2072,11:15:48,15.63,0.0,34,53144,卖盘
2073,11:15:51,15.64,0.01,298,465596,买盘
2074,11:15:54,15.63,-0.01,12,18756,中性盘
2075,11:15:57,15.62,-0.01,1838,2870963,卖盘
2076,11:16:00,15.63,0.01,16,24269,买盘
2077,11:16:04,15.63,0.0,6,9736,买盘
2078,11:16:06,15.63,0.0,502,784126,买盘
2079,11:16:09,15.61,-0.02,181,283097,卖盘
2080,11:16:12,15.62,0.01,94,146723,买盘
2081,11:16:15,15.61,-0.01,259,404252,卖盘
2082,11:16:18,15.6,-0.01,315,491836,卖盘
2083,11:16:21,15.61,0.01,33,50530,买盘
2084,11:16:24,15.6,-0.01,13,20280,卖盘
2085,11:16:27,15.61,0.01,35,54871,买盘
2086,11:16:30,15.61,0.0,146,228573,买盘
2087,11:16:33,15.61,0.0,50,77800,买盘
2088,11:16:36,15.61,0.0,7,11405,买盘
2089,11:16:39,15.61,0.0,26,40572,买盘
2090,11:16:42,15.6,-0.01,23,34507,卖盘
2091,11:16:45,15.6,0.0,27,42169,卖盘
2092,11:16:48,15.6,0.0,3,5647,卖盘
2093,11:16:51,15.6,0.0,59,92081,卖盘
2094,11:16:54,15.6,0.0,42,65943,卖盘
2095,11:16:57,15.59,-0.01,348,542394,卖盘
2096,11:17:00,15.6,0.01,60,92993,买盘
2097,11:17:03,15.59,-0.01,41,63966,卖盘
2098,11:17:06,15.6,0.01,24,37669,买盘
2099,11:17:09,15.59,-0.01,20,31304,卖盘
2100,11:17:12,15.6,0.01,11,17160,买盘
2101,11:17:15,15.6,0.0,36,56160,卖盘
2102,11:17:18,15.61,0.01,44,67767,买盘
2103,11:17:21,15.6,-0.01,4,6817,卖盘
2104,11:17:24,15.6,0.0,38,59282,卖盘
2105,11:17:27,15.61,0.01,33,51511,买盘
2106,11:17:30,15.61,0.0,68,106441,买盘
2107,11:17:33,15.6,-0.01,65,101400,卖盘
2108,11:17:36,15.6,0.0,134,209099,卖盘
2109,11:17:39,15.61,0.01,75,117095,中性盘
2110,11:17:42,15.61,0.0,10,15610,卖盘
2111,11:17:45,15.61,0.0,15,23415,卖盘
2112,11:17:48,15.61,0.0,27,42147,卖盘
2113,11:17:51,15.62,0.01,15,23429,买盘
2114,11:17:54,15.61,-0.01,25,39026,卖盘
2115,11:17:57,15.6,-0.01,88,137342,卖盘
2116,11:18:00,15.61,0.01,42,65572,卖盘
2117,11:18:04,15.62,0.01,28,43710,买盘
2118,11:18:06,15.62,0.0,13,20294,买盘
2119,11:18:09,15.61,-0.01,31,48391,卖盘
2120,11:18:12,15.62,0.01,1,1562,买盘
2121,11:18:15,15.61,-0.01,11,17171,卖盘
2122,11:18:21,15.61,0.0,110,171691,买盘
2123,11:18:24,15.61,0.0,3,4683,买盘
2124,11:18:27,15.61,0.0,12,18728,买盘
2125,11:18:30,15.61,0.0,164,256003,买盘
2126,11:18:33,15.61,0.0,58,90519,买盘
2127,11:18:36,15.61,0.0,12,18732,买盘
2128,11:18:42,15.61,0.0,28,43686,买盘
2129,11:18:45,15.6,-0.01,30,46801,卖盘
2130,11:18:48,15.6,0.0,10,15600,卖盘
2131,11:18:51,15.61,0.01,41,64001,买盘
2132,11:18:54,15.6,-0.01,32,49932,卖盘
2133,11:18:57,15.6,0.0,9,14041,卖盘
2134,11:19:04,15.61,0.01,256,399391,买盘
2135,11:19:07,15.61,0.0,29,45222,买盘
2136,11:19:09,15.6,-0.01,47,73334,卖盘
2137,11:19:12,15.6,0.0,135,210638,买盘
2138,11:19:15,15.59,-0.01,90,140373,卖盘
2139,11:19:18,15.6,0.01,15,23400,卖盘
2140,11:19:21,15.6,0.0,7,10923,卖盘
2141,11:19:24,15.61,0.01,11,17169,买盘
2142,11:19:27,15.61,0.0,23,35881,买盘
2143,11:19:30,15.6,-0.01,19,29650,卖盘
2144,11:19:33,15.61,0.01,68,106148,买盘
2145,11:19:36,15.61,0.0,6,9366,买盘
2146,11:19:39,15.6,-0.01,105,163800,卖盘
2147,11:19:42,15.61,0.01,11,17171,买盘
2148,11:19:48,15.6,-0.01,84,131053,卖盘
2149,11:19:51,15.61,0.01,2,3122,买盘
2150,11:19:54,15.61,0.0,16,24977,卖盘
2151,11:19:57,15.61,0.0,4,6244,卖盘
2152,11:20:00,15.61,0.0,34,53074,卖盘
2153,11:20:04,15.62,0.01,59,92158,买盘
2154,11:20:09,15.61,-0.01,19,29659,卖盘
2155,11:20:12,15.6,-0.01,27,42128,卖盘
2156,11:20:18,15.61,0.01,39,60879,买盘
2157,11:20:21,15.61,0.0,27,42138,买盘
2158,11:20:24,15.61,0.0,11,17171,买盘
2159,11:20:27,15.6,-0.01,4,6240,卖盘
2160,11:20:30,15.61,0.01,1,1561,买盘
2161,11:20:33,15.6,-0.01,276,430602,卖盘
2162,11:20:36,15.6,0.0,23,35541,买盘
2163,11:20:39,15.6,0.0,10,16168,买盘
2164,11:20:42,15.6,0.0,1,1560,买盘
2165,11:20:45,15.6,0.0,18,28173,买盘
2166,11:20:48,15.6,0.0,231,359833,买盘
2167,11:20:51,15.6,0.0,80,124274,买盘
2168,11:20:54,15.6,0.0,255,398196,买盘
2169,11:20:57,15.59,-0.01,147,228991,卖盘
2170,11:21:00,15.59,0.0,15,23416,卖盘
2171,11:21:04,15.6,0.01,7,10920,买盘
2172,11:21:06,15.6,0.0,3,4975,买盘
2173,11:21:09,15.6,0.0,34,53020,买盘
2174,11:21:12,15.6,0.0,193,301041,买盘
2175,11:21:15,15.6,0.0,24,37423,买盘
2176,11:21:18,15.6,0.0,12,18965,买盘
2177,11:21:21,15.58,-0.02,41,63626,卖盘
2178,11:21:24,15.59,0.01,100,155815,卖盘
2179,11:21:27,15.6,0.01,193,299687,买盘
2180,11:21:30,15.58,-0.02,70,110036,卖盘
2181,11:21:33,15.59,0.01,91,141819,买盘
2182,11:21:36,15.58,-0.01,153,238313,卖盘
2183,11:21:39,15.59,0.01,132,206070,买盘
2184,11:21:42,15.59,0.0,135,210528,买盘
2185,11:21:45,15.58,-0.01,34,52932,卖盘
2186,11:21:48,15.59,0.01,126,196429,买盘
2187,11:21:51,15.59,0.0,82,127768,买盘
2188,11:21:54,15.59,0.0,76,117954,卖盘
2189,11:21:57,15.59,0.0,22,33654,卖盘
2190,11:22:00,15.58,-0.01,407,634165,卖盘
2191,11:22:03,15.58,0.0,303,472278,卖盘
2192,11:22:06,15.58,0.0,35,55309,卖盘
2193,11:22:09,15.59,0.01,12,19040,买盘
2194,11:22:12,15.59,0.0,40,62419,买盘
2195,11:22:15,15.58,-0.01,25,37470,卖盘
2196,11:22:18,15.59,0.01,11,17381,买盘
2197,11:22:21,15.59,0.0,12,18703,买盘
2198,11:22:24,15.58,-0.01,4,6560,卖盘
2199,11:22:27,15.58,0.0,40,62327,卖盘
2200,11:22:30,15.58,0.0,2,3459,卖盘
2201,11:22:33,15.58,0.0,46,71707,卖盘
2202,11:22:36,15.58,0.0,81,126198,卖盘
2203,11:22:39,15.58,0.0,1,2103,卖盘
2204,11:22:42,15.59,0.01,12,18708,买盘
2205,11:22:45,15.59,0.0,92,143427,买盘
2206,11:22:48,15.58,-0.01,49,76371,卖盘
2207,11:22:51,15.59,0.01,40,62360,买盘
2208,11:22:57,15.59,0.0,6,9350,买盘
2209,11:23:00,15.59,0.0,29,45190,买盘
2210,11:23:03,15.58,-0.01,37,57663,卖盘
2211,11:23:06,15.58,0.0,126,196333,卖盘
2212,11:23:09,15.58,0.0,39,59641,卖盘
2213,11:23:12,15.59,0.01,354,551694,买盘
2214,11:23:15,15.58,-0.01,56,87537,卖盘
2215,11:23:18,15.58,0.0,28,44309,卖盘
2216,11:23:21,15.58,0.0,76,117414,卖盘
2217,11:23:24,15.58,0.0,12,19506,卖盘
2218,11:23:27,15.58,0.0,74,114256,卖盘
2219,11:23:30,15.58,0.0,10,16920,卖盘
2220,11:23:33,15.59,0.01,92,143408,买盘
2221,11:23:36,15.59,0.0,252,392868,买盘
2222,11:23:39,15.59,0.0,47,73312,卖盘
2223,11:23:42,15.59,0.0,27,42102,卖盘
2224,11:23:45,15.59,0.0,139,216701,卖盘
2225,11:23:48,15.59,0.0,13,19821,买盘
2226,11:23:51,15.58,-0.01,43,67032,卖盘
2227,11:23:54,15.59,0.01,42,65402,买盘
2228,11:23:57,15.59,0.0,92,142607,买盘
2229,11:24:00,15.59,0.0,58,90842,买盘
2230,11:24:04,15.59,0.0,54,84186,买盘
2231,11:24:06,15.59,0.0,21,32719,买盘
2232,11:24:09,15.58,-0.01,66,102836,卖盘
2233,11:24:12,15.59,0.01,55,85744,买盘
2234,11:24:15,15.58,-0.01,89,138670,卖盘
2235,11:24:18,15.59,0.01,72,112186,买盘
2236,11:24:21,15.59,0.0,2,3117,买盘
2237,11:24:24,15.59,0.0,1,1559,买盘
2238,11:24:27,15.58,-0.01,523,814592,卖盘
2239,11:24:30,15.59,0.01,17,26496,买盘
2240,11:24:33,15.59,0.0,65,101302,买盘
2241,11:24:36,15.57,-0.02,14,21803,卖盘
2242,11:24:39,15.57,0.0,36,55706,卖盘
2243,11:24:42,15.57,0.0,6,10276,卖盘
2244,11:24:45,15.57,0.0,70,109009,卖盘
2245,11:24:48,15.58,0.01,104,160942,卖盘
2246,11:24:51,15.58,0.0,88,138297,买盘
2247,11:24:54,15.58,0.0,46,71778,买盘
2248,11:24:57,15.58,0.0,18,27797,买盘
2249,11:25:00,15.57,-0.01,42,64181,卖盘
2250,11:25:04,15.57,0.0,22,34482,卖盘
2251,11:25:06,15.57,0.0,5,8003,卖盘
2252,11:25:09,15.58,0.01,9,14022,买盘
2253,11:25:12,15.57,-0.01,124,194204,卖盘
2254,11:25:15,15.58,0.01,131,202657,买盘
2255,11:25:18,15.57,-0.01,13,20148,卖盘
2256,11:25:21,15.58,0.01,105,164945,买盘
2257,11:25:24,15.58,0.0,20,31142,买盘
2258,11:25:27,15.58,0.0,229,355397,买盘
2259,11:25:30,15.58,0.0,117,182286,买盘
2260,11:25:33,15.57,-0.01,2038,3173316,卖盘
2261,11:25:36,15.58,0.01,68,106911,买盘
2262,11:25:39,15.57,-0.01,2,3115,卖盘
2263,11:25:42,15.58,0.01,14,21812,买盘
2264,11:25:45,15.57,-0.01,69,107486,卖盘
2265,11:25:48,15.59,0.02,6,9354,买盘
2266,11:25:51,15.59,0.0,15,23384,买盘
2267,11:25:54,15.59,0.0,28,43652,买盘
2268,11:25:57,15.57,-0.02,285,443883,卖盘
2269,11:26:00,15.59,0.02,81,126141,买盘
2270,11:26:04,15.59,0.0,20,31180,买盘
2271,11:26:06,15.58,-0.01,50,77932,卖盘
2272,11:26:09,15.59,0.01,14,21826,买盘
2273,11:26:12,15.59,0.0,77,120043,买盘
2274,11:26:15,15.58,-0.01,20,31161,卖盘
2275,11:26:18,15.57,-0.01,59,91909,卖盘
2276,11:26:24,15.58,0.01,1,1558,卖盘
2277,11:26:27,15.58,0.0,4,6232,卖盘
2278,11:26:30,15.57,-0.01,107,166624,卖盘
2279,11:26:33,15.58,0.01,52,81058,中性盘
2280,11:26:36,15.57,-0.01,46,71658,卖盘
2281,11:26:39,15.57,0.0,40,62301,卖盘
2282,11:26:42,15.58,0.01,73,113671,买盘
2283,11:26:45,15.57,-0.01,201,312957,卖盘
2284,11:26:48,15.57,0.0,19,29038,卖盘
2285,11:26:51,15.58,0.01,214,333384,买盘
2286,11:26:54,15.58,0.0,30,47465,买盘
2287,11:26:57,15.57,-0.01,6,8221,卖盘
2288,11:27:00,15.58,0.01,3,4674,买盘
2289,11:27:04,15.58,0.0,33,51390,买盘
2290,11:27:06,15.58,0.0,39,61007,买盘
2291,11:27:09,15.58,0.0,10,16667,买盘
2292,11:27:12,15.57,-0.01,81,126177,卖盘
2293,11:27:15,15.57,0.0,59,90555,卖盘
2294,11:27:18,15.58,0.01,26,40908,买盘
2295,11:27:21,15.58,0.0,16,25362,买盘
2296,11:27:24,15.58,0.0,174,271069,买盘
2297,11:27:27,15.58,0.0,30,47174,买盘
2298,11:27:30,15.58,0.0,76,118047,买盘
2299,11:27:33,15.58,0.0,88,137104,买盘
2300,11:27:36,15.58,0.0,31,48298,卖盘
2301,11:27:39,15.58,0.0,220,342760,卖盘
2302,11:27:42,15.57,-0.01,72,112115,卖盘
2303,11:27:45,15.57,0.0,47,73205,卖盘
2304,11:27:48,15.57,0.0,109,169764,卖盘
2305,11:27:51,15.58,0.01,67,104386,买盘
2306,11:27:54,15.58,0.0,13,20254,买盘
2307,11:27:57,15.57,-0.01,27,42043,卖盘
2308,11:28:00,15.58,0.01,30,46739,买盘
2309,11:28:04,15.58,0.0,55,85690,买盘
2310,11:28:06,15.58,0.0,19,29588,买盘
2311,11:28:09,15.57,-0.01,137,213317,卖盘
2312,11:28:12,15.58,0.01,121,188434,买盘
2313,11:28:15,15.58,0.0,34,52972,买盘
2314,11:28:18,15.57,-0.01,995,1549241,卖盘
2315,11:28:21,15.58,0.01,80,124954,买盘
2316,11:28:24,15.58,0.0,25,38448,买盘
2317,11:28:27,15.58,0.0,239,372205,买盘
2318,11:28:30,15.58,0.0,102,158948,买盘
2319,11:28:39,15.59,0.01,6,9354,买盘
2320,11:28:42,15.58,-0.01,21,32718,卖盘
2321,11:28:45,15.58,0.0,2,3116,卖盘
2322,11:28:48,15.59,0.01,74,115301,买盘
2323,11:28:51,15.58,-0.01,77,120003,卖盘
2324,11:28:57,15.59,0.01,14,21822,买盘
2325,11:29:00,15.59,0.0,21,32721,买盘
2326,11:29:04,15.58,-0.01,23,36162,卖盘
2327,11:29:06,15.59,0.01,42,64368,买盘
2328,11:29:09,15.59,0.0,129,201216,买盘
2329,11:29:12,15.59,0.0,88,137168,买盘
2330,11:29:15,15.58,-0.01,31,48316,卖盘
2331,11:29:18,15.59,0.01,90,141082,买盘
2332,11:29:21,15.59,0.0,16,25168,买盘
2333,11:29:24,15.58,-0.01,81,126198,卖盘
2334,11:29:27,15.58,0.0,14,20675,卖盘
2335,11:29:30,15.58,0.0,16,24934,卖盘
2336,11:29:33,15.59,0.01,52,81465,买盘
2337,11:29:36,15.58,-0.01,30,47071,卖盘
2338,11:29:39,15.58,0.0,3,4175,卖盘
2339,11:29:42,15.59,0.01,2,3118,买盘
2340,11:29:45,15.58,-0.01,2,3116,卖盘
2341,11:29:48,15.59,0.01,128,199482,买盘
2342,11:29:51,15.6,0.01,38,59280,买盘
2343,11:29:54,15.6,0.0,3,4679,买盘
2344,11:29:57,15.59,-0.01,147,229212,卖盘
2345,11:30:00,15.6,0.01,9,14220,买盘
2346,13:00:00,15.6,0.0,3,4680,买盘
2347,13:00:04,15.59,-0.01,2085,3250950,卖盘
2348,13:00:06,15.59,0.0,788,1228475,买盘
2349,13:00:09,15.59,0.0,7,10915,买盘
2350,13:00:12,15.59,0.0,67,104458,卖盘
2351,13:00:15,15.59,0.0,172,268246,卖盘
2352,13:00:18,15.59,0.0,99,154311,卖盘
2353,13:00:21,15.59,0.0,91,141929,卖盘
2354,13:00:24,15.59,0.0,171,266593,卖盘
2355,13:00:27,15.59,0.0,16,24955,卖盘
2356,13:00:30,15.59,0.0,8,12472,卖盘
2357,13:00:33,15.59,0.0,61,95075,买盘
2358,13:00:36,15.59,0.0,288,448732,买盘
2359,13:00:39,15.61,0.02,350,545910,买盘
2360,13:00:42,15.58,-0.03,106,165157,卖盘
2361,13:00:45,15.59,0.01,21,32719,中性盘
2362,13:00:48,15.59,0.0,90,139563,买盘
2363,13:00:51,15.59,0.0,14,23198,卖盘
2364,13:00:54,15.59,0.0,61,93781,卖盘
2365,13:00:57,15.6,0.01,7,10920,买盘
2366,13:01:00,15.61,0.01,17,26526,买盘
2367,13:01:04,15.59,-0.02,123,191860,卖盘
2368,13:01:06,15.59,0.0,91,141848,卖盘
2369,13:01:09,15.6,0.01,26,41644,买盘
2370,13:01:12,15.59,-0.01,18,26952,卖盘
2371,13:01:15,15.59,0.0,109,171071,卖盘
2372,13:01:18,15.59,0.0,74,115366,卖盘
2373,13:01:21,15.58,-0.01,3,3631,卖盘
2374,13:01:24,15.59,0.01,5,7795,卖盘
2375,13:01:27,15.58,-0.01,22,34278,卖盘
2376,13:01:30,15.59,0.01,26,40534,买盘
2377,13:01:33,15.59,0.0,115,179285,卖盘
2378,13:01:36,15.59,0.0,87,135633,买盘
2379,13:01:39,15.59,0.0,136,212163,买盘
2380,13:01:42,15.59,0.0,38,59977,买盘
2381,13:01:45,15.59,0.0,35,54328,买盘
2382,13:01:48,15.58,-0.01,65,101270,卖盘
2383,13:01:51,15.58,0.0,19,29602,卖盘
2384,13:01:54,15.59,0.01,45,70147,买盘
2385,13:01:57,15.58,-0.01,6,9350,卖盘
2386,13:02:00,15.58,0.0,46,71683,卖盘
2387,13:02:04,15.58,0.0,10,15580,卖盘
2388,13:02:06,15.58,0.0,13,20254,卖盘
2389,13:02:09,15.58,0.0,24,37610,卖盘
2390,13:02:12,15.59,0.01,68,105982,买盘
2391,13:02:15,15.58,-0.01,28,43651,中性盘
2392,13:02:18,15.58,0.0,14,21812,买盘
2393,13:02:21,15.58,0.0,23,35827,买盘
2394,13:02:24,15.57,-0.01,46,71629,卖盘
2395,13:02:27,15.57,0.0,16,24922,卖盘
2396,13:02:33,15.57,0.0,60,93457,卖盘
2397,13:02:36,15.57,0.0,24,37382,卖盘
2398,13:02:39,15.58,0.01,81,126158,买盘
2399,13:02:42,15.57,-0.01,242,376798,卖盘
2400,13:02:45,15.57,0.0,49,76294,卖盘
2401,13:02:48,15.57,0.0,134,208653,卖盘
2402,13:02:51,15.57,0.0,9,14021,卖盘
2403,13:02:54,15.58,0.01,53,82574,买盘
2404,13:02:57,15.58,0.0,80,124621,买盘
2405,13:03:00,15.58,0.0,30,46741,买盘
2406,13:03:04,15.59,0.01,63,98189,买盘
2407,13:03:06,15.57,-0.02,131,204129,卖盘
2408,13:03:09,15.59,0.02,7,10913,买盘
2409,13:03:15,15.58,-0.01,15,23370,卖盘
2410,13:03:18,15.57,-0.01,80,124590,卖盘
2411,13:03:21,15.57,0.0,89,138576,卖盘
2412,13:03:24,15.59,0.02,3,4677,买盘
2413,13:03:27,15.59,0.0,19,29609,买盘
2414,13:03:30,15.58,-0.01,47,73221,买盘
2415,13:03:33,15.58,0.0,61,95069,买盘
2416,13:03:36,15.58,0.0,1,1558,卖盘
2417,13:03:39,15.58,0.0,77,120021,卖盘
2418,13:03:42,15.59,0.01,5,7794,买盘
2419,13:03:45,15.58,-0.01,106,165173,卖盘
2420,13:03:48,15.58,0.0,62,95575,卖盘
2421,13:03:51,15.58,0.0,56,88670,卖盘
2422,13:03:54,15.59,0.01,115,177834,买盘
2423,13:03:57,15.58,-0.01,472,735773,卖盘
2424,13:04:00,15.59,0.01,53,82252,买盘
2425,13:04:04,15.58,-0.01,75,116861,卖盘
2426,13:04:06,15.59,0.01,6,9354,买盘
2427,13:04:09,15.59,0.0,47,73236,买盘
2428,13:04:12,15.59,0.0,97,151175,买盘
2429,13:04:15,15.59,0.0,3,4677,买盘
2430,13:04:18,15.59,0.0,31,48330,买盘
2431,13:04:24,15.59,0.0,29,45213,卖盘
2432,13:04:27,15.59,0.0,376,586234,卖盘
2433,13:04:30,15.59,0.0,124,193255,买盘
2434,13:04:33,15.59,0.0,42,65474,买盘
2435,13:04:36,15.59,0.0,37,57663,卖盘
2436,13:04:39,15.59,0.0,115,179285,卖盘
2437,13:04:42,15.59,0.0,76,118484,卖盘
2438,13:04:45,15.58,-0.01,206,321025,卖盘
2439,13:04:48,15.59,0.01,18,28062,买盘
2440,13:04:51,15.58,-0.01,78,121590,卖盘
2441,13:04:54,15.59,0.01,26,40534,买盘
2442,13:04:57,15.6,0.01,66,102941,买盘
2443,13:05:00,15.6,0.0,3,4680,买盘
2444,13:05:04,15.59,-0.01,104,162123,卖盘
2445,13:05:06,15.58,-0.01,88,137143,卖盘
2446,13:05:09,15.59,0.01,106,165233,买盘
2447,13:05:12,15.58,-0.01,378,589050,卖盘
2448,13:05:15,15.58,0.0,33,51432,卖盘
2449,13:05:18,15.58,0.0,58,90404,卖盘
2450,13:05:21,15.58,0.0,45,70144,卖盘
2451,13:05:24,15.58,0.0,129,200994,卖盘
2452,13:05:27,15.59,0.01,193,300716,买盘
2453,13:05:30,15.59,0.0,244,380175,买盘
2454,13:05:33,15.59,0.0,83,129393,买盘
2455,13:05:36,15.59,0.0,27,42080,买盘
2456,13:05:42,15.58,-0.01,20,31160,卖盘
2457,13:05:45,15.58,0.0,19,29608,卖盘
2458,13:05:51,15.58,0.0,35,54544,卖盘
2459,13:05:54,15.58,0.0,101,157398,卖盘
2460,13:05:57,15.59,0.01,40,62325,买盘
2461,13:06:00,15.58,-0.01,3,4674,卖盘
2462,13:06:04,15.58,0.0,23,35834,卖盘
2463,13:06:06,15.58,0.0,15,23370,卖盘
2464,13:06:09,15.59,0.01,81,126266,买盘
2465,13:06:12,15.59,0.0,110,171419,买盘
2466,13:06:15,15.58,-0.01,21,32718,卖盘
2467,13:06:18,15.58,0.0,64,99712,卖盘
2468,13:06:21,15.59,0.01,35,54550,买盘
2469,13:06:24,15.59,0.0,13,20267,买盘
2470,13:06:27,15.59,0.0,34,52987,买盘
2471,13:06:30,15.59,0.0,363,565917,买盘
2472,13:06:33,15.59,0.0,577,899580,卖盘
2473,13:06:36,15.59,0.0,31,48329,卖盘
2474,13:06:39,15.59,0.0,3,4677,卖盘
2475,13:06:42,15.6,0.01,23,35868,买盘
2476,13:06:45,15.6,0.0,571,889863,买盘
2477,13:06:48,15.58,-0.02,82,127785,卖盘
2478,13:06:51,15.59,0.01,204,318036,买盘
2479,13:06:54,15.59,0.0,53,82612,买盘
2480,13:06:57,15.58,-0.01,184,286675,卖盘
2481,13:07:00,15.58,0.0,95,147990,买盘
2482,13:07:04,15.59,0.01,683,1064536,买盘
2483,13:07:06,15.59,0.0,13,20267,卖盘
2484,13:07:09,15.57,-0.02,524,816688,卖盘
2485,13:07:12,15.58,0.01,65,101270,买盘
2486,13:07:15,15.58,0.0,175,272635,买盘
2487,13:07:18,15.58,0.0,15,23370,买盘
2488,13:07:21,15.58,0.0,93,144874,买盘
2489,13:07:24,15.58,0.0,5,7790,买盘
2490,13:07:27,15.57,-0.01,1711,2664038,卖盘
2491,13:07:30,15.57,0.0,209,325414,卖盘
2492,13:07:33,15.57,0.0,182,283412,卖盘
2493,13:07:36,15.57,0.0,56,87235,卖盘
2494,13:07:39,15.58,0.01,100,155800,买盘
2495,13:07:42,15.57,-0.01,80,124620,卖盘
2496,13:07:45,15.58,0.01,25,38950,买盘
2497,13:07:48,15.57,-0.01,29,45167,卖盘
2498,13:07:51,15.57,0.0,59,91916,卖盘
2499,13:07:54,15.58,0.01,189,294381,买盘
2500,13:07:57,15.57,-0.01,53,82521,卖盘
2501,13:08:00,15.58,0.01,57,88792,买盘
2502,13:08:04,15.58,0.0,5,7786,买盘
2503,13:08:06,15.58,0.0,145,225776,买盘
2504,13:08:09,15.57,-0.01,22,34254,卖盘
2505,13:08:12,15.58,0.01,7,10900,买盘
2506,13:08:15,15.57,-0.01,58,90345,卖盘
2507,13:08:18,15.58,0.01,19,29602,买盘
2508,13:08:21,15.57,-0.01,12,18684,卖盘
2509,13:08:24,15.58,0.01,12,18692,买盘
2510,13:08:27,15.57,-0.01,19,29584,卖盘
2511,13:08:30,15.57,0.0,85,132345,卖盘
2512,13:08:33,15.58,0.01,59,91900,买盘
2513,13:08:36,15.58,0.0,123,191623,买盘
2514,13:08:39,15.58,0.0,51,79437,买盘
2515,13:08:42,15.57,-0.01,14,21798,卖盘
2516,13:08:45,15.58,0.01,54,84102,买盘
2517,13:08:48,15.58,0.0,11,17129,买盘
2518,13:08:51,15.57,-0.01,9,14013,卖盘
2519,13:08:54,15.57,0.0,76,118378,卖盘
2520,13:09:00,15.57,0.0,32,49834,卖盘
2521,13:09:04,15.58,0.01,8,12460,买盘
2522,13:09:06,15.58,0.0,114,177593,买盘
2523,13:09:09,15.57,-0.01,7,10901,卖盘
2524,13:09:12,15.57,0.0,20,31141,卖盘
2525,13:09:15,15.58,0.01,83,129293,买盘
2526,13:09:18,15.58,0.0,40,62311,买盘
2527,13:09:21,15.57,-0.01,53,82538,卖盘
2528,13:09:24,15.58,0.01,41,63871,买盘
2529,13:09:27,15.57,-0.01,3046,4747609,卖盘
2530,13:09:30,15.58,0.01,37,57658,卖盘
2531,13:09:33,15.59,0.01,150,233743,买盘
2532,13:09:36,15.58,-0.01,41,63880,卖盘
2533,13:09:39,15.59,0.01,27,42070,买盘
2534,13:09:42,15.59,0.0,30,46770,买盘
2535,13:09:45,15.59,0.0,20,31161,买盘
2536,13:09:48,15.58,-0.01,113,176054,卖盘
2537,13:09:51,15.59,0.01,5,7795,买盘
2538,13:09:54,15.58,-0.01,73,113788,卖盘
2539,13:09:57,15.59,0.01,2,3118,买盘
2540,13:10:00,15.59,0.0,34,52976,买盘
2541,13:10:04,15.59,0.0,6,9350,买盘
2542,13:10:06,15.58,-0.01,38,59211,卖盘
2543,13:10:09,15.59,0.01,62,96658,买盘
2544,13:10:12,15.59,0.0,120,186976,买盘
2545,13:10:15,15.59,0.0,51,79509,买盘
2546,13:10:18,15.59,0.0,49,76370,买盘
2547,13:10:21,15.6,0.01,81,126269,买盘
2548,13:10:24,15.59,-0.01,5,7791,中性盘
2549,13:10:27,15.59,0.0,35,54565,卖盘
2550,13:10:33,15.6,0.01,115,179376,买盘
2551,13:10:36,15.6,0.0,22,34309,买盘
2552,13:10:39,15.59,-0.01,18,28062,卖盘
2553,13:10:42,15.59,0.0,4,6236,卖盘
2554,13:10:45,15.6,0.01,22,34306,买盘
2555,13:10:48,15.6,0.0,10,15600,买盘
2556,13:10:51,15.59,-0.01,19,29621,卖盘
2557,13:10:54,15.59,0.0,53,82664,卖盘
2558,13:10:57,15.59,0.0,8,12472,卖盘
2559,13:11:00,15.59,0.0,25,38980,卖盘
2560,13:11:04,15.6,0.01,9,14036,买盘
2561,13:11:06,15.59,-0.01,34,53006,卖盘
2562,13:11:12,15.6,0.01,318,495814,买盘
2563,13:11:15,15.58,-0.02,101,157429,卖盘
2564,13:11:18,15.6,0.02,152,237070,买盘
2565,13:11:21,15.59,-0.01,14,21826,买盘
2566,13:11:24,15.59,0.0,45,70145,买盘
2567,13:11:27,15.6,0.01,45,70168,买盘
2568,13:11:30,15.59,-0.01,91,141929,卖盘
2569,13:11:33,15.59,0.0,38,59250,买盘
2570,13:11:36,15.59,0.0,16,24945,卖盘
2571,13:11:39,15.59,0.0,17,26503,卖盘
2572,13:11:45,15.58,-0.01,157,244745,卖盘
2573,13:11:48,15.59,0.01,24,37412,买盘
2574,13:11:51,15.59,0.0,75,116912,买盘
2575,13:11:54,15.58,-0.01,166,258671,卖盘
2576,13:11:57,15.59,0.01,20,31180,中性盘
2577,13:12:00,15.59,0.0,36,56125,卖盘
2578,13:12:04,15.59,0.0,70,109130,卖盘
2579,13:12:06,15.58,-0.01,87,135571,卖盘
2580,13:12:09,15.59,0.01,9,14031,买盘
2581,13:12:12,15.59,0.0,57,88843,买盘
2582,13:12:15,15.59,0.0,12,18708,买盘
2583,13:12:18,15.58,-0.01,25,38950,卖盘
2584,13:12:21,15.58,0.0,6,9348,卖盘
2585,13:12:24,15.58,0.0,32,49858,卖盘
2586,13:12:27,15.59,0.01,11,17149,买盘
2587,13:12:30,15.59,0.0,25,38953,买盘
2588,13:12:33,15.58,-0.01,59,91962,卖盘
2589,13:12:36,15.58,0.0,33,51431,卖盘
2590,13:12:39,15.58,0.0,28,43633,卖盘
2591,13:12:42,15.59,0.01,59,91981,买盘
2592,13:12:45,15.59,0.0,28,43636,买盘
2593,13:12:48,15.59,0.0,43,67037,买盘
2594,13:12:51,15.59,0.0,206,320962,买盘
2595,13:12:54,15.59,0.0,69,107571,买盘
2596,13:12:57,15.59,0.0,75,116851,买盘
2597,13:13:01,15.59,0.0,32,49888,买盘
2598,13:13:04,15.59,0.0,120,186994,买盘
2599,13:13:07,15.59,0.0,68,105969,买盘
2600,13:13:09,15.59,0.0,34,52990,买盘
2601,13:13:12,15.58,-0.01,27,42083,卖盘
2602,13:13:15,15.58,0.0,60,93517,卖盘
2603,13:13:18,15.58,0.0,14,21812,卖盘
2604,13:13:21,15.59,0.01,23,35844,买盘
2605,13:13:24,15.58,-0.01,24,37393,卖盘
2606,13:13:27,15.59,0.01,17,26491,买盘
2607,13:13:30,15.59,0.0,26,40519,买盘
2608,13:13:33,15.59,0.0,45,70148,买盘
2609,13:13:36,15.58,-0.01,134,208772,卖盘
2610,13:13:39,15.59,0.01,40,62360,买盘
2611,13:13:42,15.58,-0.01,331,515698,卖盘
2612,13:13:45,15.58,0.0,1,1558,卖盘
2613,13:13:48,15.58,0.0,46,71684,卖盘
2614,13:13:51,15.58,0.0,173,269694,卖盘
2615,13:13:54,15.59,0.01,37,57683,买盘
2616,13:13:57,15.58,-0.01,38,59223,卖盘
2617,13:14:04,15.59,0.01,33,51430,买盘
2618,13:14:06,15.59,0.0,101,157447,买盘
2619,13:14:09,15.58,-0.01,52,81047,卖盘
2620,13:14:12,15.59,0.01,12,18709,卖盘
2621,13:14:15,15.59,0.0,65,101373,卖盘
2622,13:14:18,15.6,0.01,17,26520,买盘
2623,13:14:21,15.6,0.0,59,92020,买盘
2624,13:14:24,15.6,0.0,35,54600,买盘
2625,13:14:27,15.6,0.0,6,9361,卖盘
2626,13:14:30,15.6,0.0,26,40560,卖盘
2627,13:14:33,15.61,0.01,44,68677,买盘
2628,13:14:36,15.61,0.0,83,129435,买盘
2629,13:14:39,15.61,0.0,82,127941,买盘
2630,13:14:42,15.6,-0.01,175,273006,卖盘
2631,13:14:45,15.6,0.0,33,51453,买盘
2632,13:14:48,15.6,0.0,31,48348,买盘
2633,13:14:51,15.6,0.0,1,1560,买盘
2634,13:14:54,15.6,0.0,313,488262,买盘
2635,13:14:57,15.59,-0.01,94,146626,卖盘
2636,13:15:00,15.6,0.01,85,132600,买盘
2637,13:15:04,15.59,-0.01,62,96701,卖盘
2638,13:15:06,15.59,0.0,73,113866,卖盘
2639,13:15:09,15.59,0.0,15,23385,卖盘
2640,13:15:12,15.59,0.0,266,414703,卖盘
2641,13:15:15,15.6,0.01,28,43680,中性盘
2642,13:15:18,15.61,0.01,152,237082,买盘
2643,13:15:21,15.61,0.0,14,21830,买盘
2644,13:15:24,15.59,-0.02,50,78036,卖盘
2645,13:15:27,15.6,0.01,40,62371,买盘
2646,13:15:30,15.6,0.0,19,29643,卖盘
2647,13:15:33,15.6,0.0,27,42116,买盘
2648,13:15:36,15.6,0.0,22,34320,卖盘
2649,13:15:39,15.6,0.0,11,17160,卖盘
2650,13:15:42,15.6,0.0,14,21840,卖盘
2651,13:15:48,15.6,0.0,18,28080,卖盘
2652,13:15:51,15.6,0.0,132,205920,卖盘
2653,13:15:54,15.6,0.0,61,95147,买盘
2654,13:15:57,15.6,0.0,9,14040,买盘
2655,13:16:00,15.6,0.0,55,85776,买盘
2656,13:16:04,15.6,0.0,32,49902,买盘
2657,13:16:06,15.6,0.0,17,26509,买盘
2658,13:16:09,15.59,-0.01,27,42093,卖盘
2659,13:16:12,15.6,0.01,206,321156,买盘
2660,13:16:15,15.59,-0.01,52,81106,卖盘
2661,13:16:21,15.59,0.0,87,135633,卖盘
2662,13:16:24,15.6,0.01,6,9355,买盘
2663,13:16:27,15.59,-0.01,14,21826,卖盘
2664,13:16:30,15.59,0.0,15,23397,卖盘
2665,13:16:33,15.6,0.01,97,151261,买盘
2666,13:16:36,15.59,-0.01,32,49893,卖盘
2667,13:16:39,15.6,0.01,10,15591,买盘
2668,13:16:42,15.58,-0.02,177,275875,卖盘
2669,13:16:45,15.59,0.01,75,116943,卖盘
2670,13:16:48,15.6,0.01,29,45202,买盘
2671,13:16:54,15.6,0.0,143,222928,买盘
2672,13:16:57,15.6,0.0,11,17150,买盘
2673,13:17:00,15.59,-0.01,13,20267,卖盘
2674,13:17:04,15.58,-0.01,90,140294,卖盘
2675,13:17:06,15.6,0.02,28,43646,买盘
2676,13:17:09,15.58,-0.02,15,23371,卖盘
2677,13:17:12,15.59,0.01,16,24955,中性盘
2678,13:17:15,15.58,-0.01,56,87286,卖盘
2679,13:17:18,15.58,0.0,1,1558,卖盘
2680,13:17:21,15.58,0.0,26,40519,卖盘
2681,13:17:24,15.58,0.0,115,179272,卖盘
2682,13:17:27,15.58,0.0,291,453384,卖盘
2683,13:17:30,15.58,0.0,29,45182,卖盘
2684,13:17:33,15.58,0.0,154,239969,卖盘
2685,13:17:36,15.59,0.01,3,4676,买盘
2686,13:17:39,15.58,-0.01,20,31160,卖盘
2687,13:17:42,15.58,0.0,23,35844,卖盘
2688,13:17:45,15.59,0.01,3,4677,买盘
2689,13:17:48,15.58,-0.01,245,381935,卖盘
2690,13:17:51,15.59,0.01,38,59240,买盘
2691,13:17:54,15.58,-0.01,52,81054,卖盘
2692,13:17:57,15.58,0.0,3,4676,卖盘
2693,13:18:00,15.59,0.01,26,40514,买盘
2694,13:18:04,15.59,0.0,77,119977,买盘
2695,13:18:06,15.58,-0.01,37,57659,卖盘
2696,13:18:09,15.59,0.01,4,6236,买盘
2697,13:18:12,15.59,0.0,102,158989,买盘
2698,13:18:15,15.59,0.0,47,73257,买盘
2699,13:18:18,15.59,0.0,30,46770,买盘
2700,13:18:21,15.58,-0.01,31,48309,卖盘
2701,13:18:24,15.58,0.0,9,14022,卖盘
2702,13:18:27,15.58,0.0,82,127777,卖盘
2703,13:18:30,15.59,0.01,1003,1562677,买盘
2704,13:18:33,15.59,0.0,72,112216,买盘
2705,13:18:36,15.58,-0.01,18,28044,卖盘
2706,13:18:39,15.58,0.0,66,102838,卖盘
2707,13:18:42,15.58,0.0,218,339648,卖盘
2708,13:18:45,15.57,-0.01,111,172830,卖盘
2709,13:18:48,15.57,0.0,18,28026,卖盘
2710,13:18:51,15.58,0.01,9,14022,买盘
2711,13:18:54,15.57,-0.01,4097,6379106,卖盘
2712,13:19:00,15.57,0.0,13,20241,卖盘
2713,13:19:04,15.58,0.01,33,51414,买盘
