,time,price,change,vol,amount,type
0,09:25:04,5.2,0.0,195,101400,卖盘
1,09:30:00,5.2,0.0,40,20800,买盘
2,09:30:04,5.2,0.0,309,160693,买盘
3,09:30:06,5.2,0.0,84,43680,卖盘
4,09:30:09,5.21,0.01,52,27050,买盘
5,09:30:12,5.21,0.0,52,27054,买盘
6,09:30:15,5.21,0.0,139,72300,买盘
7,09:30:18,5.2,-0.01,172,89554,卖盘
8,09:30:21,5.21,0.01,2,1041,买盘
9,09:30:24,5.2,-0.01,24,12480,卖盘
10,09:30:27,5.2,0.0,60,31197,买盘
11,09:30:30,5.2,0.0,129,67077,买盘
12,09:30:39,5.19,-0.01,3,1557,卖盘
13,09:30:42,5.2,0.01,9,4679,买盘
14,09:30:45,5.2,0.0,108,56158,买盘
15,09:30:48,5.2,0.0,5,2600,卖盘
16,09:30:51,5.2,0.0,3,1560,卖盘
17,09:30:54,5.2,0.0,500,260000,卖盘
18,09:31:00,5.2,0.0,5,2600,卖盘
19,09:31:04,5.21,0.01,10,5210,买盘
20,09:31:09,5.21,0.0,13,6773,买盘
21,09:31:12,5.21,0.0,15,7815,买盘
22,09:31:15,5.2,-0.01,144,74942,卖盘
23,09:31:19,5.2,0.0,28,14560,买盘
24,09:31:21,5.2,0.0,82,42630,买盘
25,09:31:24,5.21,0.01,36,18734,买盘
26,09:31:27,5.21,0.0,12,6252,买盘
27,09:31:33,5.2,-0.01,145,75406,卖盘
28,09:31:36,5.2,0.0,21,10920,买盘
29,09:31:39,5.2,0.0,4,2080,买盘
30,09:31:42,5.2,0.0,8,4160,买盘
31,09:31:45,5.2,0.0,17,8840,买盘
32,09:31:48,5.2,0.0,5,2600,买盘
33,09:31:51,5.2,0.0,1,520,买盘
34,09:31:54,5.2,0.0,342,177840,买盘
35,09:31:57,5.2,0.0,34,17680,买盘
36,09:32:04,5.2,0.0,1,520,卖盘
37,09:32:06,5.2,0.0,2,1040,卖盘
38,09:32:09,5.2,0.0,1,520,卖盘
39,09:32:12,5.2,0.0,4,2083,卖盘
40,09:32:18,5.2,0.0,42,21840,卖盘
41,09:32:21,5.2,0.0,42,21840,买盘
42,09:32:24,5.2,0.0,1,520,买盘
43,09:32:27,5.19,-0.01,66,34257,卖盘
44,09:32:33,5.2,0.01,10,5195,买盘
45,09:32:36,5.19,-0.01,53,27507,卖盘
46,09:32:39,5.19,0.0,38,19687,买盘
47,09:32:48,5.19,0.0,31,16089,买盘
48,09:32:51,5.18,-0.01,28,14504,卖盘
49,09:32:57,5.18,0.0,9,4662,买盘
50,09:33:09,5.19,0.01,3,1557,买盘
51,09:33:12,5.19,0.0,2,1038,买盘
52,09:33:15,5.18,-0.01,39,20210,卖盘
53,09:33:18,5.18,0.0,10,5180,买盘
54,09:33:21,5.18,0.0,2,1036,买盘
55,09:33:24,5.18,0.0,1,518,买盘
56,09:33:30,5.19,0.01,79,40910,买盘
57,09:33:33,5.18,-0.01,38,19684,卖盘
58,09:33:39,5.19,0.01,3,1557,买盘
59,09:33:48,5.18,-0.01,11,5699,卖盘
60,09:33:54,5.19,0.01,4,2076,买盘
61,09:34:00,5.19,0.0,1,519,买盘
62,09:34:04,5.19,0.0,3,1557,买盘
63,09:34:06,5.19,0.0,3,1557,买盘
64,09:34:15,5.18,-0.01,290,150227,卖盘
65,09:34:18,5.18,0.0,154,79772,买盘
66,09:34:21,5.18,0.0,8,4144,买盘
67,09:34:24,5.18,0.0,7,3626,买盘
68,09:34:27,5.18,0.0,3,1554,买盘
69,09:34:33,5.18,0.0,9,4657,买盘
70,09:34:36,5.18,0.0,3,1554,买盘
71,09:34:39,5.18,0.0,2,1036,买盘
72,09:34:48,5.18,0.0,18,9324,买盘
73,09:34:52,5.18,0.0,1,518,买盘
74,09:35:00,5.17,-0.01,5,2585,卖盘
75,09:35:04,5.17,0.0,2,1034,卖盘
76,09:35:06,5.17,0.0,9,4656,卖盘
77,09:35:15,5.17,0.0,31,16031,卖盘
78,09:35:18,5.17,0.0,108,55836,卖盘
79,09:35:21,5.17,0.0,128,66176,卖盘
80,09:35:24,5.17,0.0,21,10857,买盘
81,09:35:30,5.18,0.01,4,2072,买盘
82,09:35:33,5.17,-0.01,5,2585,卖盘
83,09:35:36,5.18,0.01,3,1554,买盘
84,09:35:39,5.17,-0.01,3,1551,卖盘
85,09:35:45,5.17,0.0,10,5170,卖盘
86,09:35:54,5.17,0.0,55,28435,卖盘
87,09:35:57,5.17,0.0,33,17061,买盘
88,09:36:00,5.17,0.0,1,517,买盘
89,09:36:04,5.17,0.0,41,21162,买盘
90,09:36:18,5.17,0.0,29,14993,买盘
91,09:36:21,5.16,-0.01,8,4128,卖盘
92,09:36:30,5.16,0.0,308,159171,卖盘
93,09:36:33,5.17,0.01,219,113023,买盘
94,09:36:39,5.17,0.0,7,3619,买盘
95,09:36:42,5.16,-0.01,517,266789,卖盘
96,09:36:45,5.17,0.01,7,3619,买盘
97,09:36:51,5.17,0.0,53,27401,买盘
98,09:36:57,5.17,0.0,111,57387,卖盘
99,09:37:00,5.17,0.0,2,1034,买盘
100,09:37:04,5.17,0.0,3,1551,买盘
101,09:37:06,5.16,-0.01,1798,927536,卖盘
102,09:37:15,5.16,0.0,24,12384,买盘
103,09:37:21,5.16,0.0,155,79980,买盘
104,09:37:27,5.15,-0.01,100,51500,卖盘
105,09:37:30,5.16,0.01,3,1548,买盘
106,09:37:33,5.15,-0.01,5,2575,卖盘
107,09:37:36,5.14,-0.01,354,182362,卖盘
108,09:37:51,5.15,0.01,113,58195,卖盘
109,09:37:54,5.15,0.0,21,10815,买盘
110,09:38:00,5.15,0.0,3,1545,买盘
111,09:38:04,5.15,0.0,9,4635,买盘
112,09:38:06,5.15,0.0,61,31415,买盘
113,09:38:09,5.15,0.0,39,20085,买盘
114,09:38:12,5.15,0.0,65,33475,买盘
115,09:38:18,5.15,0.0,14,7210,买盘
116,09:38:21,5.15,0.0,136,70040,买盘
117,09:38:24,5.16,0.01,91,46867,买盘
118,09:38:30,5.16,0.0,20,10320,买盘
119,09:38:57,5.16,0.0,3,1548,买盘
120,09:39:04,5.16,0.0,10,5160,买盘
121,09:39:18,5.16,0.0,7,3612,买盘
122,09:39:21,5.16,0.0,8,4128,买盘
123,09:39:27,5.16,0.0,3,1548,买盘
124,09:39:33,5.15,-0.01,5,2575,卖盘
125,09:39:45,5.16,0.01,12,6192,买盘
126,09:39:51,5.15,-0.01,357,183855,卖盘
127,09:39:54,5.16,0.01,171,88093,买盘
128,09:40:05,5.15,-0.01,12,6180,卖盘
129,09:40:09,5.15,0.0,60,30900,卖盘
130,09:40:12,5.16,0.01,35,18032,买盘
131,09:40:25,5.16,0.0,7,3612,买盘
132,09:40:30,5.16,0.0,4,2064,买盘
133,09:40:33,5.15,-0.01,5,2575,卖盘
134,09:40:39,5.16,0.01,20,10320,买盘
135,09:40:45,5.16,0.0,16,8256,买盘
136,09:40:54,5.16,0.0,3,1548,买盘
137,09:41:00,5.15,-0.01,165,84975,卖盘
138,09:41:09,5.16,0.01,5,2580,买盘
139,09:41:15,5.16,0.0,7,3612,买盘
140,09:41:18,5.16,0.0,7,3612,买盘
141,09:41:24,5.16,0.0,3,1548,买盘
142,09:41:33,5.16,0.0,10,5155,买盘
143,09:41:45,5.16,0.0,15,7740,买盘
144,09:41:51,5.16,0.0,3,1548,买盘
145,09:41:54,5.15,-0.01,48,24720,卖盘
146,09:42:04,5.15,0.0,470,242050,卖盘
147,09:42:09,5.15,0.0,31,15965,买盘
148,09:42:15,5.15,0.0,3,1545,买盘
149,09:42:21,5.15,0.0,3,1545,买盘
150,09:42:24,5.14,-0.01,10,5140,卖盘
151,09:42:33,5.14,0.0,5,2570,卖盘
152,09:42:36,5.15,0.01,4,2060,买盘
153,09:43:04,5.15,0.0,10,5150,买盘
154,09:43:09,5.15,0.0,110,56702,买盘
155,09:43:12,5.15,0.0,15,7725,卖盘
156,09:43:15,5.16,0.01,6,3096,买盘
157,09:43:18,5.16,0.0,9,4644,买盘
158,09:43:24,5.15,-0.01,29,14943,卖盘
159,09:43:27,5.16,0.01,8,4128,买盘
160,09:43:30,5.16,0.0,19,9804,买盘
161,09:43:33,5.16,0.0,10,5160,买盘
162,09:43:36,5.15,-0.01,2,1030,卖盘
163,09:43:48,5.16,0.01,30,15480,买盘
164,09:43:51,5.17,0.01,7,3619,买盘
165,09:43:54,5.16,-0.01,30,15480,卖盘
166,09:43:57,5.17,0.01,3,1551,买盘
167,09:44:00,5.16,-0.01,45,23220,卖盘
168,09:44:04,5.16,0.0,48,24768,买盘
169,09:44:06,5.17,0.01,15,7743,买盘
170,09:44:15,5.16,-0.01,59,30444,买盘
171,09:44:27,5.16,0.0,14,7224,买盘
172,09:44:30,5.16,0.0,26,13416,买盘
173,09:44:33,5.16,0.0,5,2580,买盘
174,09:44:36,5.16,0.0,12,6192,卖盘
175,09:44:39,5.16,0.0,2,1032,卖盘
176,09:44:42,5.16,0.0,7,3612,卖盘
177,09:44:45,5.16,0.0,2,1032,卖盘
178,09:44:48,5.16,0.0,16,8261,卖盘
179,09:44:51,5.17,0.01,7,3617,买盘
180,09:45:00,5.16,-0.01,46,23746,卖盘
181,09:45:09,5.16,0.0,2,1032,买盘
182,09:45:12,5.16,0.0,3,1548,买盘
183,09:45:15,5.16,0.0,75,38700,买盘
184,09:45:18,5.15,-0.01,10,5150,卖盘
185,09:45:27,5.16,0.01,17,8772,买盘
186,09:45:33,5.15,-0.01,5,2575,卖盘
187,09:45:36,5.16,0.01,7,3612,买盘
188,09:45:51,5.15,-0.01,2,1030,卖盘
189,09:46:33,5.15,0.0,5,2575,卖盘
190,09:46:36,5.16,0.01,26,13416,买盘
191,09:46:45,5.16,0.0,48,24768,买盘
192,09:46:48,5.15,-0.01,44,22660,卖盘
193,09:46:51,5.16,0.01,7,3612,买盘
194,09:46:54,5.16,0.0,28,14448,买盘
195,09:46:57,5.16,0.0,48,24768,买盘
196,09:47:00,5.16,0.0,83,42828,买盘
197,09:47:03,5.17,0.01,1,517,买盘
198,09:47:06,5.17,0.0,6,3102,买盘
199,09:47:09,5.17,0.0,12,6204,买盘
200,09:47:30,5.17,0.0,100,51700,买盘
201,09:47:33,5.16,-0.01,5,2580,卖盘
202,09:47:42,5.17,0.01,100,51700,买盘
203,09:47:51,5.17,0.0,4,2068,买盘
204,09:47:54,5.17,0.0,30,15510,买盘
205,09:47:57,5.16,-0.01,100,51600,卖盘
206,09:48:12,5.17,0.01,13,6721,买盘
207,09:48:18,5.16,-0.01,100,51600,卖盘
208,09:48:21,5.17,0.01,1,517,买盘
209,09:48:24,5.16,-0.01,1,516,卖盘
210,09:48:27,5.18,0.02,7,3624,买盘
211,09:48:45,5.18,0.0,1,518,买盘
212,09:48:51,5.17,-0.01,1,517,中性盘
213,09:48:54,5.17,0.0,21,10857,买盘
214,09:49:04,5.16,-0.01,17,8772,卖盘
215,09:49:09,5.16,0.0,1,516,卖盘
216,09:49:33,5.16,0.0,5,2580,卖盘
217,09:49:36,5.16,0.0,36,18576,卖盘
218,09:49:39,5.17,0.01,13,6721,买盘
219,09:49:48,5.17,0.0,1,517,买盘
220,09:50:09,5.17,0.0,10,5170,买盘
221,09:50:30,5.17,0.0,7,3619,买盘
222,09:50:33,5.16,-0.01,5,2580,卖盘
223,09:50:39,5.16,0.0,462,238392,卖盘
224,09:50:45,5.16,0.0,1,516,买盘
225,09:51:06,5.16,0.0,16,8256,买盘
226,09:51:18,5.16,0.0,9,4644,买盘
227,09:51:33,5.15,-0.01,5,2575,卖盘
228,09:51:39,5.15,0.0,506,260596,卖盘
229,09:51:42,5.15,0.0,10,5150,卖盘
230,09:52:33,5.15,0.0,5,2575,卖盘
231,09:52:36,5.15,0.0,1,515,卖盘
232,09:53:09,5.15,0.0,100,51500,卖盘
233,09:53:12,5.15,0.0,111,57165,卖盘
234,09:53:15,5.15,0.0,76,39140,卖盘
235,09:53:18,5.15,0.0,25,12875,卖盘
236,09:53:21,5.15,0.0,88,45320,卖盘
237,09:53:33,5.14,-0.01,5,2570,卖盘
238,09:53:39,5.15,0.01,5,2575,买盘
239,09:53:42,5.15,0.0,133,68485,买盘
240,09:53:45,5.15,0.0,3,1545,卖盘
241,09:53:48,5.15,0.0,1,515,卖盘
242,09:54:09,5.16,0.01,38,19608,买盘
243,09:54:12,5.16,0.0,19,9804,买盘
244,09:54:33,5.16,0.0,6,3091,买盘
245,09:54:39,5.15,-0.01,64,32960,卖盘
246,09:54:54,5.15,0.0,50,25750,买盘
247,09:55:12,5.14,-0.01,10,5140,卖盘
248,09:55:21,5.15,0.01,101,52015,买盘
249,09:55:33,5.14,-0.01,5,2570,卖盘
250,09:56:04,5.14,0.0,841,432274,卖盘
251,09:56:24,5.15,0.01,18,9270,买盘
252,09:56:27,5.15,0.0,10,5150,买盘
253,09:56:33,5.14,-0.01,5,2570,卖盘
254,09:56:39,5.15,0.01,8,4120,买盘
255,09:56:45,5.14,-0.01,246,126444,卖盘
256,09:56:48,5.14,0.0,19,9766,买盘
257,09:56:51,5.14,0.0,15,7710,买盘
258,09:56:54,5.14,0.0,90,46260,买盘
259,09:56:57,5.14,0.0,1,514,买盘
260,09:57:00,5.14,0.0,1,514,买盘
261,09:57:04,5.14,0.0,66,33924,买盘
262,09:57:09,5.14,0.0,8,4112,买盘
263,09:57:12,5.13,-0.01,5,2565,卖盘
264,09:57:18,5.13,0.0,26,13338,卖盘
265,09:57:33,5.13,0.0,5,2565,卖盘
266,09:57:42,5.14,0.01,4,2056,买盘
267,09:57:51,5.13,-0.01,1,513,卖盘
268,09:57:57,5.14,0.01,19,9766,买盘
269,09:58:18,5.13,-0.01,600,307805,卖盘
270,09:58:21,5.14,0.01,19,9766,买盘
271,09:58:27,5.14,0.0,27,13878,买盘
272,09:58:33,5.13,-0.01,5,2565,卖盘
273,09:59:12,5.14,0.01,3,1542,买盘
274,09:59:24,5.14,0.0,1,514,买盘
275,09:59:30,5.14,0.0,1,514,买盘
276,09:59:33,5.14,0.0,6,3079,买盘
277,09:59:39,5.14,0.0,1,514,买盘
278,09:59:48,5.13,-0.01,725,371925,卖盘
279,09:59:54,5.13,0.0,14,7182,买盘
280,10:00:07,5.13,0.0,1,513,买盘
281,10:00:18,5.12,-0.01,8,4098,卖盘
282,10:00:21,5.13,0.01,25,12825,买盘
283,10:00:27,5.12,-0.01,2,1024,卖盘
284,10:00:33,5.12,0.0,5,2560,卖盘
285,10:00:57,5.12,0.0,10,5120,卖盘
286,10:01:21,5.12,0.0,996,509952,卖盘
287,10:01:24,5.12,0.0,687,351744,卖盘
288,10:01:27,5.12,0.0,78,39936,卖盘
289,10:01:30,5.12,0.0,4,2048,卖盘
290,10:01:33,5.12,0.0,5,2560,卖盘
291,10:01:36,5.12,0.0,21,10752,卖盘
292,10:01:45,5.12,0.0,41,20992,买盘
293,10:01:48,5.12,0.0,61,31232,买盘
294,10:01:51,5.12,0.0,133,68096,买盘
295,10:02:04,5.12,0.0,9,4608,卖盘
296,10:02:07,5.12,0.0,21,10752,卖盘
297,10:02:12,5.13,0.01,17,8721,买盘
298,10:02:24,5.12,-0.01,66,33792,卖盘
299,10:02:36,5.12,0.0,1,512,买盘
300,10:02:39,5.12,0.0,10,5120,买盘
301,10:02:42,5.12,0.0,34,17408,买盘
302,10:02:45,5.12,0.0,1,512,买盘
303,10:02:54,5.12,0.0,95,48640,买盘
304,10:03:03,5.12,0.0,14,7168,买盘
305,10:03:07,5.12,0.0,1,512,买盘
306,10:03:12,5.12,0.0,28,14336,买盘
307,10:03:15,5.12,0.0,89,45568,买盘
308,10:03:18,5.12,0.0,5,2560,买盘
309,10:03:21,5.12,0.0,10,5120,买盘
310,10:03:24,5.12,0.0,4,2048,买盘
311,10:03:27,5.12,0.0,76,38912,买盘
312,10:03:30,5.12,0.0,73,37376,买盘
313,10:03:33,5.11,-0.01,85,43454,卖盘
314,10:03:39,5.12,0.01,17,8704,买盘
315,10:03:45,5.11,-0.01,1,511,卖盘
316,10:03:48,5.12,0.01,1,512,买盘
317,10:04:18,5.12,0.0,15,7680,买盘
318,10:04:21,5.12,0.0,2,1024,买盘
319,10:04:24,5.12,0.0,4,2048,买盘
320,10:04:30,5.12,0.0,6,3072,买盘
321,10:04:33,5.11,-0.01,5,2555,卖盘
322,10:04:39,5.12,0.01,6,3067,买盘
323,10:04:45,5.12,0.0,1,512,买盘
324,10:04:48,5.12,0.0,5,2560,买盘
325,10:04:54,5.12,0.0,12,6139,买盘
326,10:05:00,5.12,0.0,14,7168,买盘
327,10:05:06,5.12,0.0,1,512,买盘
328,10:05:12,5.12,0.0,16,8178,买盘
329,10:05:15,5.12,0.0,20,10240,买盘
330,10:05:18,5.11,-0.01,7,3577,卖盘
331,10:05:24,5.12,0.01,7,3578,买盘
332,10:05:33,5.12,0.0,20,10235,买盘
333,10:05:54,5.12,0.0,2,1024,买盘
334,10:05:58,5.12,0.0,333,170496,买盘
335,10:06:04,5.12,0.0,21,10752,买盘
336,10:06:06,5.12,0.0,1378,705536,买盘
337,10:06:09,5.12,0.0,221,113152,买盘
338,10:06:12,5.12,0.0,145,74240,买盘
339,10:06:15,5.12,0.0,482,246784,买盘
340,10:06:18,5.12,0.0,584,299008,买盘
341,10:06:21,5.14,0.02,109,56011,买盘
342,10:06:27,5.14,0.0,16,8224,买盘
343,10:06:39,5.13,-0.01,50,25650,卖盘
344,10:06:42,5.13,0.0,1,513,卖盘
345,10:06:48,5.14,0.01,10,5140,买盘
346,10:06:54,5.14,0.0,2,1028,买盘
347,10:07:12,5.13,-0.01,25,12825,卖盘
348,10:07:18,5.14,0.01,16,8224,买盘
349,10:07:21,5.14,0.0,8,4112,买盘
350,10:07:30,5.13,-0.01,73,37449,卖盘
351,10:07:33,5.13,0.0,5,2565,卖盘
352,10:07:36,5.14,0.01,40,20560,买盘
353,10:08:09,5.14,0.0,10,5140,买盘
354,10:08:21,5.13,-0.01,197,101061,卖盘
355,10:08:24,5.13,0.0,14,7182,买盘
356,10:08:27,5.13,0.0,16,8208,买盘
357,10:08:33,5.12,-0.01,5,2560,卖盘
358,10:09:24,5.13,0.01,230,117990,买盘
359,10:09:33,5.12,-0.01,5,2560,卖盘
360,10:09:36,5.13,0.01,5,2565,买盘
361,10:09:42,5.12,-0.01,1,512,卖盘
362,10:09:48,5.12,0.0,27,13824,卖盘
363,10:09:51,5.12,0.0,32,16404,卖盘
364,10:09:54,5.12,0.0,12,6149,卖盘
365,10:10:00,5.13,0.01,140,71820,买盘
366,10:10:04,5.12,-0.01,20,10240,卖盘
367,10:10:07,5.12,0.0,10,5120,卖盘
368,10:10:09,5.13,0.01,4,2052,买盘
369,10:10:21,5.13,0.0,2,1026,买盘
370,10:10:27,5.13,0.0,2,1026,买盘
371,10:10:33,5.12,-0.01,5,2560,卖盘
372,10:10:39,5.13,0.01,5,2565,买盘
373,10:10:51,5.13,0.0,51,26163,买盘
374,10:11:24,5.14,0.01,10,5140,买盘
375,10:11:33,5.13,-0.01,8,4107,卖盘
376,10:11:36,5.13,0.0,6,3078,卖盘
377,10:11:42,5.13,0.0,30,15390,卖盘
378,10:11:45,5.13,0.0,6,3078,卖盘
379,10:11:48,5.14,0.01,6,3079,买盘
380,10:11:51,5.13,-0.01,3,1539,卖盘
381,10:11:54,5.14,0.01,4,2054,买盘
382,10:11:57,5.14,0.0,2,1027,买盘
383,10:12:18,5.13,-0.01,7,3593,卖盘
384,10:12:21,5.14,0.01,1,514,买盘
385,10:12:24,5.13,-0.01,1,513,卖盘
386,10:12:33,5.13,0.0,5,2565,卖盘
387,10:12:42,5.13,0.0,80,41040,卖盘
388,10:12:48,5.14,0.01,1,514,买盘
389,10:12:54,5.14,0.0,2,1028,买盘
390,10:12:57,5.14,0.0,49,25186,买盘
391,10:13:03,5.14,0.0,23,11822,买盘
392,10:13:12,5.13,-0.01,282,144666,卖盘
393,10:13:15,5.13,0.0,1,513,买盘
394,10:13:21,5.13,0.0,2,1026,买盘
395,10:13:24,5.12,-0.01,3,1536,卖盘
396,10:13:27,5.13,0.01,1,513,买盘
397,10:13:30,5.12,-0.01,6,3072,卖盘
398,10:13:33,5.12,0.0,5,2560,卖盘
399,10:13:39,5.12,0.0,5,2560,卖盘
400,10:13:45,5.13,0.01,2,1026,买盘
401,10:13:57,5.13,0.0,30,15390,买盘
402,10:14:09,5.12,-0.01,5,2560,卖盘
403,10:14:12,5.13,0.01,11,5643,买盘
404,10:14:15,5.13,0.0,1,513,买盘
405,10:14:18,5.13,0.0,1,513,买盘
406,10:14:24,5.13,0.0,11,5643,买盘
407,10:14:33,5.12,-0.01,5,2560,卖盘
408,10:14:48,5.13,0.01,2,1026,买盘
409,10:15:00,5.13,0.0,2,1025,买盘
410,10:15:06,5.12,-0.01,4,2048,卖盘
411,10:15:12,5.12,0.0,14,7168,卖盘
412,10:15:15,5.12,0.0,13,6656,卖盘
413,10:15:18,5.13,0.01,1,513,买盘
414,10:15:24,5.12,-0.01,16,8192,卖盘
415,10:15:27,5.12,0.0,12,6145,卖盘
416,10:15:30,5.12,0.0,10,5120,卖盘
417,10:15:33,5.12,0.0,5,2560,卖盘
418,10:15:36,5.12,0.0,10,5120,卖盘
419,10:15:39,5.12,0.0,1,512,卖盘
420,10:15:45,5.12,0.0,5,2560,卖盘
421,10:15:54,5.12,0.0,32,16384,卖盘
422,10:15:57,5.13,0.01,1,513,买盘
423,10:16:04,5.12,-0.01,568,290816,卖盘
424,10:16:06,5.12,0.0,66,33792,卖盘
425,10:16:09,5.12,0.0,29,14848,卖盘
426,10:16:15,5.12,0.0,38,19456,卖盘
427,10:16:27,5.12,0.0,5,2560,卖盘
428,10:16:33,5.12,0.0,5,2560,卖盘
429,10:16:36,5.13,0.01,31,15903,买盘
430,10:17:00,5.13,0.0,1,513,买盘
431,10:17:04,5.13,0.0,1,513,买盘
432,10:17:06,5.12,-0.01,52,26624,卖盘
433,10:17:33,5.12,0.0,5,2560,卖盘
434,10:17:36,5.13,0.01,1,513,买盘
435,10:17:54,5.12,-0.01,2,1024,卖盘
436,10:17:57,5.13,0.01,1,513,买盘
437,10:18:06,5.13,0.0,1,513,买盘
438,10:18:21,5.13,0.0,2,1026,买盘
439,10:18:33,5.12,-0.01,5,2560,卖盘
440,10:18:36,5.13,0.01,1,513,买盘
441,10:18:39,5.12,-0.01,1,512,卖盘
442,10:18:54,5.13,0.01,1,513,买盘
443,10:18:57,5.12,-0.01,60,30720,卖盘
444,10:19:04,5.13,0.01,1,513,买盘
445,10:19:09,5.13,0.0,1,513,买盘
446,10:19:27,5.13,0.0,2,1026,买盘
447,10:19:33,5.12,-0.01,5,2560,卖盘
448,10:19:39,5.13,0.01,1,513,买盘
449,10:19:48,5.13,0.0,11,5643,买盘
450,10:19:51,5.12,-0.01,5,2560,卖盘
451,10:19:57,5.13,0.01,1,513,买盘
452,10:20:04,5.12,-0.01,34,17429,卖盘
453,10:20:06,5.12,0.0,6,3072,卖盘
454,10:20:30,5.13,0.01,15,7695,买盘
455,10:20:33,5.13,0.0,6,3073,买盘
456,10:20:57,5.13,0.0,1,513,买盘
457,10:21:00,5.13,0.0,20,10260,买盘
458,10:21:04,5.13,0.0,1,513,买盘
459,10:21:09,5.12,-0.01,10,5120,卖盘
460,10:21:12,5.12,0.0,7,3584,卖盘
461,10:21:33,5.12,0.0,5,2560,卖盘
462,10:21:36,5.12,0.0,44,22528,卖盘
463,10:21:39,5.12,0.0,2,1025,卖盘
464,10:21:42,5.13,0.01,99,50787,买盘
465,10:22:04,5.12,-0.01,10,5120,卖盘
466,10:22:06,5.12,0.0,8,4097,卖盘
467,10:22:12,5.13,0.01,20,10260,买盘
468,10:22:15,5.12,-0.01,5,2560,卖盘
469,10:22:18,5.12,0.0,40,20499,卖盘
470,10:22:24,5.13,0.01,73,37382,买盘
471,10:22:27,5.13,0.0,9,4617,买盘
472,10:22:30,5.13,0.0,14,7182,买盘
473,10:22:33,5.12,-0.01,6,3073,卖盘
474,10:22:45,5.13,0.01,2,1026,买盘
475,10:22:57,5.13,0.0,16,8208,买盘
476,10:23:09,5.13,0.0,1,513,买盘
477,10:23:15,5.13,0.0,2,1026,买盘
478,10:23:27,5.13,0.0,61,31293,买盘
479,10:23:30,5.13,0.0,16,8208,买盘
480,10:23:36,5.13,0.0,2,1026,买盘
481,10:23:51,5.13,0.0,1,513,买盘
482,10:24:06,5.13,0.0,2,1026,买盘
483,10:24:12,5.13,0.0,20,10260,买盘
484,10:24:21,5.13,0.0,11,5643,买盘
485,10:24:27,5.13,0.0,2,1026,买盘
486,10:24:30,5.13,0.0,1,513,买盘
487,10:24:33,5.13,0.0,7,3586,买盘
488,10:24:36,5.12,-0.01,2,1024,卖盘
489,10:24:45,5.13,0.01,1,513,买盘
490,10:24:57,5.13,0.0,1,513,买盘
491,10:25:00,5.12,-0.01,10,5120,卖盘
492,10:25:04,5.13,0.01,100,51300,买盘
493,10:25:12,5.13,0.0,2,1026,买盘
494,10:25:18,5.13,0.0,1,513,买盘
495,10:25:24,5.12,-0.01,5,2560,卖盘
496,10:25:33,5.12,0.0,15,7680,卖盘
497,10:25:36,5.13,0.01,1,513,买盘
498,10:25:39,5.12,-0.01,5,2560,卖盘
499,10:25:42,5.13,0.01,1,513,买盘
500,10:25:48,5.13,0.0,2,1026,买盘
501,10:25:51,5.12,-0.01,16,8202,卖盘
502,10:26:00,5.12,0.0,22,11270,卖盘
503,10:26:04,5.12,0.0,6,3073,卖盘
504,10:26:06,5.13,0.01,2,1026,买盘
505,10:26:09,5.13,0.0,4,2052,买盘
506,10:26:12,5.13,0.0,1,513,买盘
507,10:26:15,5.13,0.0,7,3591,买盘
508,10:26:18,5.13,0.0,11,5643,买盘
509,10:26:24,5.13,0.0,1,513,买盘
510,10:26:33,5.12,-0.01,5,2560,卖盘
511,10:26:39,5.12,0.0,62,31746,卖盘
512,10:26:42,5.13,0.01,1,513,买盘
513,10:26:48,5.13,0.0,1,513,买盘
514,10:27:06,5.13,0.0,84,43092,买盘
515,10:27:09,5.13,0.0,1,513,买盘
516,10:27:12,5.13,0.0,1,513,买盘
517,10:27:18,5.13,0.0,100,51300,买盘
518,10:27:21,5.13,0.0,1,513,买盘
519,10:27:30,5.13,0.0,1,513,买盘
520,10:27:33,5.12,-0.01,5,2560,卖盘
521,10:27:45,5.13,0.01,51,26163,买盘
522,10:27:54,5.14,0.01,1,514,买盘
523,10:28:06,5.14,0.0,2,1028,买盘
524,10:28:15,5.14,0.0,2,1028,买盘
525,10:28:21,5.14,0.0,1,514,买盘
526,10:28:33,5.13,-0.01,20,10260,卖盘
527,10:28:36,5.14,0.01,1,514,买盘
528,10:28:39,5.14,0.0,2,1028,买盘
529,10:28:42,5.14,0.0,1,514,买盘
530,10:28:48,5.13,-0.01,5,2565,卖盘
531,10:28:57,5.13,0.0,7,3591,卖盘
532,10:29:00,5.14,0.01,1,514,买盘
533,10:29:04,5.14,0.0,2,1028,买盘
534,10:29:06,5.13,-0.01,4,2052,卖盘
535,10:29:18,5.14,0.01,1,514,买盘
536,10:29:21,5.14,0.0,17,8738,买盘
537,10:29:33,5.13,-0.01,5,2565,卖盘
538,10:29:39,5.14,0.01,4,2056,买盘
539,10:29:42,5.14,0.0,1,514,买盘
540,10:29:45,5.14,0.0,23,11822,买盘
541,10:30:06,5.14,0.0,1,514,买盘
542,10:30:09,5.13,-0.01,18,9234,卖盘
543,10:30:12,5.13,0.0,7,3591,卖盘
544,10:30:27,5.13,0.0,6,3079,卖盘
545,10:30:33,5.13,0.0,5,2565,卖盘
546,10:30:45,5.13,0.0,20,10260,卖盘
547,10:30:48,5.14,0.01,2,1028,买盘
548,10:30:57,5.14,0.0,16,8224,买盘
549,10:31:12,5.14,0.0,1,514,买盘
550,10:31:33,5.14,0.0,6,3079,买盘
551,10:31:54,5.14,0.0,1,514,买盘
552,10:32:12,5.13,-0.01,15,7695,卖盘
553,10:32:18,5.14,0.01,1,514,买盘
554,10:32:21,5.14,0.0,16,8224,买盘
555,10:32:33,5.13,-0.01,12,6156,卖盘
556,10:32:36,5.13,0.0,1,513,卖盘
557,10:32:39,5.14,0.01,1,514,买盘
558,10:32:54,5.13,-0.01,4,2052,卖盘
559,10:33:00,5.14,0.01,1,514,买盘
560,10:33:04,5.14,0.0,10,5140,买盘
561,10:33:24,5.14,0.0,1,514,买盘
562,10:33:33,5.13,-0.01,5,2565,卖盘
563,10:33:36,5.13,0.0,5,2565,卖盘
564,10:33:45,5.14,0.01,1,514,买盘
565,10:34:00,5.14,0.0,108,55512,买盘
566,10:34:06,5.14,0.0,1,514,买盘
567,10:34:15,5.14,0.0,8,4112,买盘
568,10:34:30,5.14,0.0,1,514,买盘
569,10:34:33,5.13,-0.01,5,2565,卖盘
570,10:34:51,5.14,0.01,11,5654,买盘
571,10:35:12,5.14,0.0,1,514,买盘
572,10:35:24,5.13,-0.01,7,3591,卖盘
573,10:35:27,5.13,0.0,12,6156,卖盘
574,10:35:30,5.13,0.0,5,2565,卖盘
575,10:35:33,5.13,0.0,11,5643,卖盘
576,10:35:36,5.13,0.0,6,3079,卖盘
577,10:35:39,5.13,0.0,1,513,卖盘
578,10:35:45,5.13,0.0,5,2565,卖盘
579,10:35:57,5.13,0.0,6,3079,卖盘
580,10:36:04,5.13,0.0,1,513,卖盘
581,10:36:10,5.14,0.01,1,514,买盘
582,10:36:18,5.14,0.0,1,514,买盘
583,10:36:33,5.13,-0.01,5,2565,卖盘
584,10:36:42,5.14,0.01,1,514,买盘
585,10:36:51,5.14,0.0,15,7710,买盘
586,10:36:55,5.13,-0.01,5,2565,卖盘
587,10:37:04,5.14,0.01,1,514,买盘
588,10:37:07,5.14,0.0,1,514,买盘
589,10:37:24,5.14,0.0,1,514,买盘
590,10:37:33,5.13,-0.01,5,2565,卖盘
591,10:37:45,5.13,0.0,5,2565,卖盘
592,10:37:48,5.14,0.01,1,514,买盘
593,10:38:09,5.14,0.0,1,514,买盘
594,10:38:30,5.14,0.0,99,50886,买盘
595,10:38:33,5.13,-0.01,11,5645,卖盘
596,10:38:54,5.14,0.01,9,4626,买盘
597,10:39:15,5.14,0.0,1,514,买盘
598,10:39:27,5.13,-0.01,15,7695,卖盘
599,10:39:30,5.14,0.01,62,31919,买盘
600,10:39:33,5.14,0.0,47,24158,卖盘
601,10:39:36,5.14,0.0,19,9766,卖盘
602,10:39:39,5.14,0.0,1,514,买盘
603,10:39:42,5.13,-0.01,7,3591,卖盘
604,10:39:48,5.13,0.0,7,3591,卖盘
605,10:39:51,5.14,0.01,17,8741,买盘
606,10:39:54,5.14,0.0,5,2570,卖盘
607,10:39:57,5.13,-0.01,18,9239,卖盘
608,10:40:00,5.15,0.02,1,515,买盘
609,10:40:21,5.15,0.0,1,515,买盘
610,10:40:33,5.14,-0.01,26,13364,卖盘
611,10:40:45,5.14,0.0,1,514,买盘
612,10:41:06,5.14,0.0,1,514,买盘
613,10:41:27,5.14,0.0,1,514,买盘
614,10:41:34,5.15,0.01,138,71058,买盘
615,10:41:36,5.15,0.0,9,4635,买盘
616,10:41:39,5.15,0.0,8,4120,买盘
617,10:41:42,5.15,0.0,7,3605,买盘
618,10:41:48,5.15,0.0,45,23175,买盘
619,10:41:51,5.15,0.0,1,515,买盘
620,10:41:54,5.15,0.0,50,25750,买盘
621,10:42:12,5.16,0.01,1,516,买盘
622,10:42:24,5.16,0.0,58,29928,买盘
623,10:42:33,5.16,0.0,6,3091,买盘
624,10:42:51,5.16,0.0,13,6708,买盘
625,10:42:57,5.16,0.0,1,516,买盘
626,10:43:09,5.16,0.0,10,5160,买盘
627,10:43:18,5.16,0.0,1,516,买盘
628,10:43:24,5.16,0.0,100,51600,买盘
629,10:43:39,5.16,0.01,1,516,买盘
630,10:43:42,5.15,-0.01,59,30431,卖盘
631,10:43:48,5.15,0.0,11,5665,卖盘
632,10:43:51,5.15,0.0,2,1030,卖盘
633,10:43:54,5.15,0.0,1,515,卖盘
634,10:43:57,5.15,0.0,10,5150,卖盘
635,10:44:04,5.16,0.01,1,516,买盘
636,10:44:18,5.15,-0.01,2,1030,卖盘
637,10:44:24,5.15,0.0,9,4636,卖盘
638,10:44:27,5.15,0.0,105,54013,卖盘
639,10:44:33,5.14,-0.01,10,5140,卖盘
640,10:44:42,5.14,0.0,6,3084,卖盘
641,10:44:45,5.15,0.01,115,59287,买盘
642,10:44:54,5.15,0.0,10,5150,卖盘
643,10:44:57,5.14,-0.01,15,7653,卖盘
644,10:45:00,5.14,0.0,10,5140,卖盘
645,10:45:06,5.14,0.0,10,5140,卖盘
646,10:45:09,5.15,0.01,1,515,买盘
647,10:45:15,5.15,0.0,10,5212,买盘
648,10:45:21,5.16,0.01,12,6192,买盘
649,10:45:24,5.15,-0.01,5,2575,卖盘
650,10:45:27,5.15,0.0,35,17963,卖盘
651,10:45:30,5.15,0.0,1,515,买盘
652,10:45:33,5.14,-0.01,12,6168,卖盘
653,10:45:42,5.14,0.0,5,2570,卖盘
654,10:45:51,5.15,0.01,6,3085,买盘
655,10:46:15,5.15,0.0,2,1030,买盘
656,10:46:33,5.14,-0.01,5,2570,卖盘
657,10:46:36,5.15,0.01,1,515,买盘
658,10:46:42,5.14,-0.01,5,2570,卖盘
659,10:46:45,5.14,0.0,38,19532,卖盘
660,10:46:48,5.14,0.0,7,3598,卖盘
661,10:46:51,5.15,0.01,71,36506,买盘
662,10:46:54,5.14,-0.01,12,6168,卖盘
663,10:46:57,5.15,0.01,1,515,买盘
664,10:47:21,5.15,0.0,1,515,买盘
665,10:47:33,5.14,-0.01,1,514,卖盘
666,10:47:36,5.14,0.0,14,7196,买盘
667,10:47:42,5.15,0.01,1,515,买盘
668,10:47:45,5.15,0.0,10,5150,买盘
669,10:47:51,5.15,0.0,10,5150,买盘
670,10:48:04,5.15,0.0,1,515,买盘
671,10:48:09,5.14,-0.01,30,15446,卖盘
672,10:48:12,5.14,0.0,7,3598,卖盘
673,10:48:18,5.14,0.0,42,21588,卖盘
674,10:48:21,5.14,0.0,21,10794,卖盘
675,10:48:27,5.14,0.0,4,2057,卖盘
676,10:48:33,5.14,0.0,5,2570,卖盘
677,10:48:48,5.15,0.01,1,515,买盘
678,10:49:09,5.14,-0.01,16,8219,卖盘
679,10:49:12,5.13,-0.01,35,17971,卖盘
680,10:49:15,5.13,0.0,29,14877,卖盘
681,10:49:18,5.13,0.0,35,17955,卖盘
682,10:49:22,5.13,0.0,10,5130,卖盘
683,10:49:33,5.13,0.0,12,6157,卖盘
684,10:49:39,5.13,0.0,54,27702,卖盘
685,10:49:51,5.14,0.01,17,8738,买盘
686,10:49:54,5.14,0.0,1,514,买盘
687,10:50:12,5.13,-0.01,29,14877,卖盘
688,10:50:15,5.14,0.01,1,514,买盘
689,10:50:33,5.13,-0.01,5,2565,卖盘
690,10:50:39,5.14,0.01,1,514,买盘
691,10:50:54,5.14,0.0,1,514,买盘
692,10:51:00,5.14,0.0,1,514,买盘
693,10:51:15,5.14,0.0,187,96118,买盘
694,10:51:18,5.14,0.0,120,61680,买盘
695,10:51:21,5.15,0.01,1,515,买盘
696,10:51:45,5.15,0.0,1,515,买盘
697,10:52:06,5.15,0.0,1,515,买盘
698,10:52:27,5.15,0.0,1,515,买盘
699,10:52:33,5.14,-0.01,5,2570,卖盘
700,10:52:51,5.14,0.0,21,10795,卖盘
701,10:53:12,5.15,0.01,1,515,买盘
702,10:53:18,5.15,0.0,15,7725,买盘
703,10:53:33,5.14,-0.01,5,2570,卖盘
704,10:53:36,5.15,0.01,1,515,买盘
705,10:53:57,5.15,0.0,2,1030,买盘
706,10:54:15,5.14,-0.01,21,10794,卖盘
707,10:54:18,5.15,0.01,1,515,买盘
708,10:54:33,5.14,-0.01,5,2570,卖盘
709,10:54:42,5.15,0.01,1,515,买盘
710,10:55:04,5.15,0.0,1,515,买盘
711,10:55:24,5.15,0.0,1,515,买盘
712,10:55:33,5.14,-0.01,5,2570,卖盘
713,10:55:45,5.15,0.01,10,5150,买盘
714,10:55:48,5.15,0.0,1,515,买盘
715,10:56:00,5.15,0.0,18,9270,买盘
716,10:56:09,5.15,0.0,1,515,买盘
717,10:56:18,5.15,0.0,5,2575,买盘
718,10:56:21,5.15,0.0,17,8755,买盘
719,10:56:27,5.15,0.0,5,2575,买盘
720,10:56:30,5.15,0.0,1,515,买盘
721,10:56:33,5.14,-0.01,5,2570,卖盘
722,10:56:54,5.15,0.01,1,515,买盘
723,10:56:57,5.15,0.0,9,4635,买盘
724,10:57:15,5.15,0.0,1,515,买盘
725,10:57:33,5.14,-0.01,5,2570,卖盘
726,10:57:36,5.15,0.01,1,515,买盘
727,10:58:00,5.15,0.0,1,515,买盘
728,10:58:21,5.15,0.0,1,515,买盘
729,10:58:33,5.14,-0.01,5,2570,卖盘
730,10:58:42,5.15,0.01,1,515,买盘
731,10:58:54,5.14,-0.01,7,3598,卖盘
732,10:59:06,5.15,0.01,1,515,买盘
733,10:59:18,5.14,-0.01,87,44718,卖盘
734,10:59:27,5.15,0.01,1,515,买盘
735,10:59:33,5.14,-0.01,5,2570,卖盘
736,10:59:36,5.15,0.01,10,5150,买盘
737,10:59:48,5.15,0.0,1,515,买盘
738,11:00:12,5.15,0.0,1,515,买盘
739,11:00:33,5.15,0.0,6,3085,买盘
740,11:00:51,5.14,-0.01,32,16448,卖盘
741,11:00:54,5.15,0.01,1,515,买盘
742,11:01:18,5.15,0.0,2,1030,买盘
743,11:01:27,5.14,-0.01,1,514,卖盘
744,11:01:33,5.15,0.01,13,6690,买盘
745,11:01:39,5.15,0.0,1,515,买盘
746,11:02:00,5.15,0.0,1,515,买盘
747,11:02:09,5.15,0.0,10,5150,买盘
748,11:02:24,5.15,0.0,1,515,买盘
749,11:02:33,5.14,-0.01,5,2570,卖盘
750,11:02:45,5.15,0.01,1,515,买盘
751,11:03:06,5.15,0.0,1,515,买盘
752,11:03:15,5.14,-0.01,4,2056,卖盘
753,11:03:30,5.15,0.01,1,515,买盘
754,11:03:33,5.14,-0.01,5,2570,卖盘
755,11:03:51,5.15,0.01,1,515,买盘
756,11:04:12,5.15,0.0,1,515,买盘
757,11:04:33,5.14,-0.01,5,2570,卖盘
758,11:04:36,5.15,0.01,3,1543,买盘
759,11:04:39,5.14,-0.01,6,3084,卖盘
760,11:04:42,5.14,0.0,12,6168,卖盘
761,11:04:45,5.14,0.0,66,33924,卖盘
762,11:04:48,5.13,-0.01,46,23615,卖盘
763,11:04:54,5.13,0.0,7,3591,卖盘
764,11:04:57,5.14,0.01,11,5644,买盘
765,11:05:06,5.13,-0.01,16,8208,卖盘
766,11:05:18,5.14,0.01,6,3079,买盘
767,11:05:24,5.14,0.0,50,25700,买盘
768,11:05:33,5.13,-0.01,5,2565,卖盘
769,11:05:42,5.14,0.01,1,514,买盘
770,11:06:00,5.15,0.01,14,7210,买盘
771,11:06:04,5.15,0.0,1,515,买盘
772,11:06:21,5.14,-0.01,20,10280,卖盘
773,11:06:24,5.15,0.01,1,515,买盘
774,11:06:33,5.14,-0.01,5,2570,卖盘
775,11:06:48,5.15,0.01,1,515,买盘
776,11:06:54,5.14,-0.01,50,25700,卖盘
777,11:06:57,5.14,0.0,37,19018,卖盘
778,11:07:09,5.15,0.01,1,515,买盘
779,11:07:30,5.15,0.0,1,515,买盘
780,11:07:33,5.14,-0.01,5,2570,卖盘
781,11:07:42,5.14,0.0,10,5140,卖盘
782,11:07:48,5.15,0.01,2,1030,买盘
783,11:07:54,5.15,0.0,1,515,买盘
784,11:08:15,5.15,0.0,3,1545,买盘
785,11:08:30,5.14,-0.01,10,5140,卖盘
786,11:08:33,5.14,0.0,5,2570,卖盘
787,11:08:39,5.15,0.01,1,515,买盘
788,11:08:42,5.15,0.0,2,1030,买盘
789,11:08:54,5.15,0.0,15,7725,买盘
790,11:09:00,5.15,0.0,2,1030,买盘
791,11:09:06,5.14,-0.01,2,1028,卖盘
792,11:09:21,5.15,0.01,1,515,买盘
793,11:09:24,5.15,0.0,2,1030,买盘
794,11:09:33,5.14,-0.01,5,2570,卖盘
795,11:09:45,5.15,0.01,1,515,买盘
796,11:10:06,5.15,0.0,1,515,买盘
797,11:10:27,5.15,0.0,11,5655,买盘
798,11:10:33,5.14,-0.01,5,2570,卖盘
799,11:10:45,5.14,0.0,32,16448,卖盘
800,11:10:51,5.15,0.01,1,515,买盘
801,11:11:12,5.15,0.0,1,515,买盘
802,11:11:24,5.15,0.0,4,2060,买盘
803,11:11:33,5.15,0.0,6,3085,买盘
804,11:11:54,5.15,0.0,11,5665,买盘
805,11:11:57,5.15,0.0,48,24673,买盘
806,11:12:09,5.14,-0.01,1,514,卖盘
807,11:12:18,5.15,0.01,1,515,买盘
808,11:12:30,5.14,-0.01,93,47802,卖盘
809,11:12:33,5.14,0.0,5,2570,卖盘
810,11:12:36,5.14,0.0,9,4626,卖盘
811,11:12:39,5.15,0.01,1,515,买盘
812,11:12:45,5.14,-0.01,28,14392,买盘
813,11:12:51,5.15,0.01,108,55620,买盘
814,11:13:00,5.14,-0.01,27,13878,卖盘
815,11:13:04,5.15,0.01,1,515,买盘
816,11:13:24,5.15,0.0,1,515,买盘
817,11:13:33,5.14,-0.01,4,2056,卖盘
818,11:13:45,5.15,0.01,1,515,买盘
819,11:13:48,5.15,0.0,2,1030,买盘
820,11:14:09,5.15,0.0,1,515,买盘
821,11:14:21,5.15,0.0,2,1030,买盘
822,11:14:24,5.15,0.0,12,6180,买盘
823,11:14:30,5.15,0.0,1,515,买盘
824,11:14:33,5.14,-0.01,4,2056,卖盘
825,11:14:51,5.15,0.01,1,515,买盘
826,11:15:00,5.14,-0.01,98,50372,卖盘
827,11:15:04,5.14,0.0,15,7710,卖盘
828,11:15:15,5.15,0.01,1,515,买盘
829,11:15:21,5.14,-0.01,7,3598,卖盘
830,11:15:33,5.14,0.0,4,2056,卖盘
831,11:15:36,5.15,0.01,1,515,买盘
832,11:15:48,5.14,-0.01,55,28270,卖盘
833,11:15:54,5.13,-0.01,23,11799,卖盘
834,11:15:57,5.14,0.01,15,7696,买盘
835,11:16:09,5.14,0.0,4,2056,买盘
836,11:16:15,5.13,-0.01,445,228348,卖盘
837,11:16:18,5.13,0.0,107,54891,买盘
838,11:16:21,5.13,0.0,26,13338,买盘
839,11:16:42,5.13,0.0,85,43605,买盘
840,11:16:45,5.13,0.0,1,513,买盘
841,11:16:55,5.13,0.0,15,7695,买盘
842,11:16:57,5.13,0.0,29,14877,买盘
843,11:17:00,5.13,0.0,65,33341,买盘
844,11:17:03,5.13,0.0,4,2052,买盘
845,11:17:27,5.13,0.0,1,513,买盘
846,11:17:33,5.12,-0.01,9,4608,卖盘
847,11:17:39,5.12,0.0,26,13337,卖盘
848,11:17:45,5.12,0.0,18,9224,卖盘
849,11:17:48,5.13,0.01,11,5633,买盘
850,11:17:54,5.13,0.0,27,13851,买盘
851,11:18:09,5.14,0.01,1,514,买盘
852,11:18:18,5.13,-0.01,13,6669,卖盘
853,11:18:33,5.13,0.0,5,2566,卖盘
854,11:18:54,5.14,0.01,1,514,买盘
855,11:19:09,5.14,0.0,1,514,买盘
856,11:19:15,5.14,0.0,1,514,买盘
857,11:19:21,5.14,0.0,2,1028,买盘
858,11:19:33,5.13,-0.01,4,2052,卖盘
859,11:19:39,5.14,0.01,1,514,买盘
860,11:19:54,5.14,0.0,17,8738,买盘
861,11:20:00,5.14,0.0,3,1542,买盘
862,11:20:04,5.13,-0.01,66,33858,卖盘
863,11:20:24,5.14,0.01,1,514,买盘
864,11:20:27,5.14,0.0,32,16448,买盘
865,11:20:30,5.14,0.0,13,6682,买盘
866,11:20:33,5.14,0.0,4,2056,买盘
867,11:20:45,5.15,0.01,1,515,买盘
868,11:20:48,5.14,-0.01,1,514,卖盘
869,11:21:06,5.15,0.01,1,515,买盘
870,11:21:30,5.14,-0.01,56,28785,卖盘
871,11:21:33,5.14,0.0,7,3598,卖盘
872,11:21:36,5.13,-0.01,8,4105,卖盘
873,11:21:39,5.12,-0.01,27,13844,卖盘
874,11:21:42,5.13,0.01,8,4104,买盘
875,11:21:45,5.13,0.0,31,15903,买盘
876,11:21:48,5.13,0.0,21,10773,卖盘
877,11:21:51,5.14,0.01,1,514,买盘
878,11:21:57,5.13,-0.01,20,10260,卖盘
879,11:22:12,5.14,0.01,8,4098,买盘
880,11:22:33,5.13,-0.01,4,2052,卖盘
881,11:22:36,5.14,0.01,1,514,买盘
882,11:22:57,5.14,0.0,1,514,买盘
883,11:23:18,5.14,0.0,3,1542,买盘
884,11:23:30,5.14,0.0,29,14906,买盘
885,11:23:42,5.15,0.01,1,515,买盘
886,11:23:54,5.15,0.0,15,7725,买盘
887,11:23:57,5.14,-0.01,8,4112,卖盘
888,11:24:04,5.15,0.01,11,5665,买盘
889,11:24:18,5.15,0.0,2,1030,买盘
890,11:24:24,5.15,0.0,2,1030,买盘
891,11:24:33,5.14,-0.01,4,2056,卖盘
892,11:24:45,5.14,0.0,20,10280,卖盘
893,11:24:48,5.15,0.01,1,515,买盘
894,11:24:54,5.14,-0.01,20,10280,卖盘
895,11:24:57,5.14,0.0,11,5654,卖盘
896,11:25:09,5.15,0.01,1,515,买盘
897,11:25:12,5.14,-0.01,2,1028,卖盘
898,11:25:30,5.15,0.01,1,515,买盘
899,11:25:33,5.14,-0.01,4,2056,卖盘
900,11:25:54,5.15,0.01,1,515,买盘
901,11:25:57,5.15,0.0,1,515,买盘
902,11:26:00,5.15,0.0,1,515,买盘
903,11:26:04,5.15,0.0,1,515,买盘
904,11:26:15,5.15,0.0,1,515,买盘
905,11:26:24,5.15,0.0,1,515,买盘
906,11:26:33,5.14,-0.01,4,2056,卖盘
907,11:26:36,5.15,0.01,7,3605,买盘
908,11:26:39,5.15,0.0,4,2060,买盘
909,11:26:54,5.15,0.0,12,6180,买盘
910,11:27:00,5.15,0.0,1,515,买盘
911,11:27:12,5.15,0.0,2,1030,买盘
912,11:27:18,5.14,-0.01,1,514,卖盘
913,11:27:21,5.15,0.01,1,515,买盘
914,11:27:33,5.14,-0.01,4,2056,卖盘
915,11:27:42,5.15,0.01,1,515,买盘
916,11:28:06,5.15,0.0,1,515,买盘
917,11:28:09,5.14,-0.01,5,2570,卖盘
918,11:28:15,5.15,0.01,188,96820,买盘
919,11:28:18,5.14,-0.01,7,3598,卖盘
920,11:28:27,5.15,0.01,1,515,买盘
921,11:28:33,5.14,-0.01,2,1090,卖盘
922,11:28:48,5.15,0.01,1,515,买盘
923,11:28:54,5.15,0.0,2,1030,买盘
924,11:29:12,5.14,-0.01,626,321765,卖盘
925,11:29:33,5.15,0.01,5,2571,买盘
926,11:29:42,5.14,-0.01,5,2570,卖盘
927,11:29:54,5.15,0.01,1,515,买盘
928,11:29:57,5.15,0.0,18,9270,买盘
929,13:00:04,5.14,-0.01,349,179471,卖盘
930,13:00:09,5.14,0.0,5,2570,卖盘
931,13:00:15,5.15,0.01,1,515,买盘
932,13:00:21,5.15,0.0,1,515,买盘
933,13:00:24,5.15,0.0,1,515,买盘
934,13:00:30,5.14,-0.01,5,2570,卖盘
935,13:00:33,5.14,0.0,5,2570,卖盘
936,13:00:39,5.14,0.0,25,12850,卖盘
937,13:00:45,5.15,0.01,2,1029,买盘
938,13:01:00,5.14,-0.01,3,1544,卖盘
939,13:01:06,5.15,0.01,1,515,买盘
940,13:01:21,5.14,-0.01,11,5654,卖盘
941,13:01:27,5.14,0.0,1,514,卖盘
942,13:01:30,5.15,0.01,1,515,买盘
943,13:01:33,5.14,-0.01,4,2056,卖盘
944,13:01:36,5.14,0.0,1,514,卖盘
945,13:01:45,5.15,0.01,1,515,买盘
946,13:01:51,5.15,0.0,1,515,买盘
947,13:02:12,5.15,0.0,1,515,买盘
948,13:02:21,5.14,-0.01,1,514,卖盘
949,13:02:27,5.15,0.01,16,8239,买盘
950,13:02:30,5.15,0.0,18,9270,买盘
951,13:02:33,5.15,0.0,2,1029,买盘
952,13:02:39,5.14,-0.01,2,1028,卖盘
953,13:02:45,5.14,0.0,1,514,卖盘
954,13:02:51,5.14,0.0,1,514,卖盘
955,13:02:57,5.14,0.0,2,1029,卖盘
956,13:03:09,5.14,0.0,1,514,卖盘
957,13:03:18,5.15,0.01,2,1029,买盘
958,13:03:30,5.15,0.0,2,1030,买盘
959,13:03:33,5.14,-0.01,4,2056,卖盘
960,13:03:39,5.15,0.01,1,515,买盘
961,13:04:00,5.15,0.0,1,515,买盘
962,13:04:21,5.15,0.0,1,515,买盘
963,13:04:27,5.14,-0.01,14,7196,卖盘
964,13:04:33,5.14,0.0,4,2056,卖盘
965,13:04:36,5.15,0.01,16,8240,中性盘
966,13:04:45,5.15,0.0,1,515,买盘
967,13:05:06,5.15,0.0,1,515,买盘
968,13:05:27,5.15,0.0,1,515,买盘
969,13:05:33,5.14,-0.01,4,2056,卖盘
970,13:05:48,5.15,0.01,1,515,买盘
971,13:06:12,5.15,0.0,1,515,买盘
972,13:06:30,5.14,-0.01,5,2570,卖盘
973,13:06:33,5.15,0.01,5,2571,买盘
974,13:06:42,5.15,0.0,78,40170,买盘
975,13:06:45,5.15,0.0,11,5665,卖盘
976,13:06:48,5.14,-0.01,10,5140,卖盘
977,13:06:54,5.15,0.01,2,1030,买盘
978,13:06:57,5.15,0.0,24,12349,买盘
979,13:07:00,5.15,0.0,32,16480,买盘
980,13:07:09,5.15,0.0,1,515,买盘
981,13:07:15,5.15,0.0,3,1545,买盘
982,13:07:24,5.15,0.0,2,1030,买盘
983,13:07:39,5.15,0.0,1,515,买盘
984,13:08:00,5.15,0.0,1,515,买盘
985,13:08:21,5.15,0.0,1,515,买盘
986,13:08:33,5.14,-0.01,4,2056,卖盘
987,13:08:42,5.15,0.01,1,515,买盘
988,13:09:06,5.15,0.0,1,515,买盘
989,13:09:27,5.15,0.0,1,515,买盘
990,13:09:33,5.14,-0.01,6,3084,卖盘
991,13:09:48,5.15,0.01,1,515,买盘
992,13:09:57,5.15,0.0,12,6180,买盘
993,13:10:09,5.15,0.0,1,515,买盘
994,13:10:33,5.14,-0.01,5,2571,卖盘
995,13:10:39,5.14,0.0,22,11308,卖盘
996,13:10:54,5.14,0.0,31,15935,卖盘
997,13:11:04,5.15,0.01,20,10300,买盘
998,13:11:15,5.15,0.0,1,515,买盘
999,13:11:21,5.14,-0.01,25,12850,卖盘
1000,13:11:27,5.15,0.01,1,515,买盘
1001,13:11:33,5.14,-0.01,4,2056,卖盘
1002,13:11:36,5.15,0.01,1,515,买盘
1003,13:11:57,5.15,0.0,1,515,买盘
1004,13:12:06,5.14,-0.01,1,514,卖盘
1005,13:12:21,5.15,0.01,1,515,买盘
1006,13:12:27,5.15,0.0,13,6695,买盘
1007,13:12:33,5.14,-0.01,4,2056,卖盘
1008,13:12:42,5.15,0.01,1,515,买盘
1009,13:12:57,5.14,-0.01,1,514,卖盘
1010,13:13:04,5.15,0.01,1,515,买盘
1011,13:13:24,5.15,0.0,1,515,买盘
1012,13:13:30,5.15,0.0,2,1030,买盘
1013,13:13:33,5.14,-0.01,4,2056,卖盘
1014,13:13:48,5.15,0.01,1,515,买盘
1015,13:14:06,5.15,0.0,2,1030,买盘
1016,13:14:09,5.15,0.0,2,1030,买盘
1017,13:14:15,5.14,-0.01,20,10280,卖盘
1018,13:14:24,5.15,0.01,10,5150,买盘
1019,13:14:30,5.15,0.0,1,515,买盘
1020,13:14:33,5.14,-0.01,4,2056,卖盘
1021,13:14:45,5.14,0.0,212,108968,卖盘
1022,13:14:48,5.14,0.0,67,34438,卖盘
1023,13:14:51,5.15,0.01,11,5655,买盘
1024,13:14:54,5.14,-0.01,5,2570,卖盘
1025,13:14:57,5.14,0.0,6,3084,卖盘
1026,13:15:00,5.14,0.0,5,2570,卖盘
1027,13:15:04,5.14,0.0,5,2570,卖盘
1028,13:15:12,5.15,0.01,1,515,买盘
1029,13:15:27,5.15,0.0,20,10300,买盘
1030,13:15:30,5.14,-0.01,2,1028,卖盘
1031,13:15:33,5.14,0.0,4,2056,卖盘
1032,13:15:36,5.14,0.0,37,19018,卖盘
1033,13:15:57,5.14,0.0,1,514,买盘
1034,13:16:00,5.14,0.0,8,4112,买盘
1035,13:16:04,5.14,0.0,22,11308,卖盘
1036,13:16:18,5.15,0.01,1,515,买盘
1037,13:16:33,5.13,-0.02,4,2052,卖盘
1038,13:16:39,5.15,0.02,60,30782,买盘
1039,13:17:04,5.15,0.0,1,515,买盘
1040,13:17:15,5.14,-0.01,1,514,卖盘
1041,13:17:24,5.15,0.01,20,10284,买盘
1042,13:17:33,5.14,-0.01,4,2056,卖盘
1043,13:17:45,5.15,0.01,1,515,买盘
1044,13:17:57,5.14,-0.01,3,1542,卖盘
1045,13:18:06,5.14,0.0,130,66820,卖盘
1046,13:18:09,5.14,0.0,57,29298,买盘
1047,13:18:24,5.14,0.0,31,15934,卖盘
1048,13:18:30,5.15,0.01,1,515,买盘
1049,13:18:33,5.13,-0.02,4,2052,卖盘
1050,13:18:36,5.14,0.01,5,2570,卖盘
1051,13:18:39,5.14,0.0,7,3598,卖盘
1052,13:18:51,5.15,0.01,1,515,买盘
1053,13:19:00,5.15,0.0,2,1030,买盘
1054,13:19:09,5.14,-0.01,204,104856,卖盘
1055,13:19:12,5.14,0.0,11,5655,卖盘
1056,13:19:33,5.15,0.01,5,2571,买盘
1057,13:19:54,5.15,0.0,1,515,买盘
1058,13:20:18,5.15,0.0,1,515,买盘
1059,13:20:24,5.15,0.0,10,5150,买盘
1060,13:20:33,5.14,-0.01,4,2056,卖盘
1061,13:20:39,5.15,0.01,1,515,买盘
1062,13:20:42,5.15,0.0,1,515,买盘
1063,13:20:57,5.14,-0.01,13,6682,卖盘
1064,13:21:00,5.15,0.01,9,4627,买盘
1065,13:21:06,5.14,-0.01,10,5140,卖盘
1066,13:21:12,5.14,0.0,10,5140,卖盘
1067,13:21:21,5.15,0.01,2,1030,买盘
1068,13:21:33,5.14,-0.01,4,2056,卖盘
1069,13:21:36,5.14,0.0,5,2570,卖盘
1070,13:21:39,5.14,0.0,11,5654,卖盘
1071,13:21:45,5.15,0.01,1,515,买盘
1072,13:22:06,5.14,-0.01,2,1029,卖盘
1073,13:22:24,5.14,0.0,91,46774,卖盘
1074,13:22:27,5.15,0.01,19,9767,买盘
1075,13:22:33,5.14,-0.01,4,2056,卖盘
1076,13:22:48,5.15,0.01,1,515,买盘
1077,13:22:51,5.15,0.0,5,2575,买盘
1078,13:22:54,5.15,0.0,2,1030,买盘
1079,13:22:57,5.15,0.0,1,515,买盘
1080,13:23:12,5.15,0.0,1,515,买盘
1081,13:23:30,5.15,0.0,2,1030,买盘
1082,13:23:33,5.14,-0.01,5,2571,卖盘
1083,13:23:54,5.15,0.01,1,515,买盘
1084,13:23:57,5.14,-0.01,3,1542,卖盘
1085,13:24:15,5.15,0.01,1,515,买盘
1086,13:24:33,5.14,-0.01,9,4626,卖盘
1087,13:24:39,5.15,0.01,11,5665,买盘
1088,13:24:42,5.15,0.0,1,515,买盘
1089,13:25:00,5.15,0.0,1,515,买盘
1090,13:25:21,5.15,0.0,1,515,买盘
1091,13:25:33,5.14,-0.01,4,2056,卖盘
1092,13:25:42,5.15,0.01,1,515,买盘
1093,13:25:57,5.14,-0.01,1,514,卖盘
1094,13:26:04,5.15,0.01,1,515,买盘
1095,13:26:21,5.14,-0.01,4,2056,卖盘
1096,13:26:27,5.15,0.01,1,515,买盘
1097,13:26:33,5.14,-0.01,4,2056,卖盘
1098,13:26:48,5.15,0.01,1,515,买盘
1099,13:26:54,5.14,-0.01,3,1542,卖盘
1100,13:26:57,5.15,0.01,11,5665,买盘
1101,13:27:00,5.15,0.0,2,1030,买盘
1102,13:27:04,5.15,0.0,1,515,买盘
1103,13:27:09,5.15,0.0,1,515,买盘
1104,13:27:18,5.15,0.0,2,1030,买盘
1105,13:27:21,5.15,0.0,1,515,买盘
1106,13:27:30,5.15,0.0,1,515,买盘
1107,13:27:33,5.14,-0.01,10,5140,卖盘
1108,13:27:54,5.15,0.01,1,515,买盘
1109,13:28:15,5.15,0.0,1,515,买盘
1110,13:28:33,5.14,-0.01,4,2056,卖盘
1111,13:28:36,5.15,0.01,2,1030,买盘
1112,13:28:54,5.15,0.0,2,1030,买盘
1113,13:28:57,5.15,0.0,1,515,买盘
1114,13:29:00,5.15,0.0,1,515,买盘
1115,13:29:21,5.15,0.0,1,515,买盘
1116,13:29:27,5.15,0.0,16,8239,买盘
1117,13:29:30,5.15,0.0,1,515,买盘
1118,13:29:33,5.14,-0.01,4,2056,卖盘
1119,13:29:42,5.15,0.01,1,515,买盘
1120,13:29:54,5.15,0.0,4,2057,买盘
1121,13:30:03,5.15,0.0,1,515,买盘
1122,13:30:06,5.14,-0.01,46,23644,卖盘
1123,13:30:12,5.14,0.0,5,2570,卖盘
1124,13:30:15,5.14,0.0,10,5140,卖盘
1125,13:30:18,5.14,0.0,17,8738,卖盘
1126,13:30:21,5.14,0.0,59,30326,卖盘
1127,13:30:24,5.15,0.01,1,515,买盘
1128,13:30:33,5.14,-0.01,9,4626,卖盘
1129,13:30:45,5.15,0.01,1,515,买盘
1130,13:31:09,5.15,0.0,1,515,买盘
1131,13:31:30,5.15,0.0,1,515,买盘
1132,13:31:33,5.14,-0.01,4,2056,卖盘
1133,13:31:45,5.14,0.0,5,2570,卖盘
1134,13:31:51,5.15,0.01,1,515,买盘
1135,13:32:12,5.15,0.0,1,515,买盘
1136,13:32:18,5.15,0.0,2,1030,买盘
1137,13:32:27,5.15,0.0,12,6180,买盘
1138,13:32:33,5.14,-0.01,4,2056,卖盘
1139,13:32:36,5.15,0.01,1,515,买盘
1140,13:32:54,5.14,-0.01,3,1542,卖盘
1141,13:32:57,5.15,0.01,348,179220,买盘
1142,13:33:00,5.15,0.0,1,515,买盘
1143,13:33:04,5.16,0.01,38,19608,买盘
1144,13:33:06,5.15,-0.01,4,2063,卖盘
1145,13:33:09,5.16,0.01,1,516,买盘
1146,13:33:18,5.16,0.0,1,516,买盘
1147,13:33:30,5.15,-0.01,5,2575,卖盘
1148,13:33:33,5.15,0.0,13,6704,卖盘
1149,13:33:39,5.16,0.01,1,516,买盘
1150,13:33:51,5.15,-0.01,20,10300,卖盘
1151,13:34:04,5.16,0.01,1,516,买盘
1152,13:34:12,5.16,0.0,2,1032,买盘
1153,13:34:24,5.16,0.0,1,516,买盘
1154,13:34:27,5.15,-0.01,3,1545,卖盘
1155,13:34:33,5.16,0.01,14,7220,买盘
1156,13:34:45,5.16,0.0,1,516,买盘
1157,13:35:00,5.16,0.0,30,15480,买盘
1158,13:35:06,5.16,0.0,1,516,买盘
1159,13:35:09,5.15,-0.01,5,2575,卖盘
1160,13:35:27,5.16,0.01,12,6192,买盘
1161,13:35:30,5.16,0.0,1,516,买盘
1162,13:35:33,5.15,-0.01,4,2060,卖盘
1163,13:35:51,5.15,0.0,5,2577,卖盘
1164,13:36:09,5.15,0.0,52,26780,卖盘
1165,13:36:12,5.16,0.01,1,516,买盘
1166,13:36:30,5.15,-0.01,6,3090,卖盘
1167,13:36:34,5.16,0.01,5,2576,买盘
1168,13:36:51,5.15,-0.01,60,30900,卖盘
1169,13:36:54,5.16,0.01,1,516,买盘
1170,13:37:06,5.15,-0.01,1,515,卖盘
1171,13:37:18,5.16,0.01,1,516,买盘
1172,13:37:33,5.15,-0.01,4,2060,卖盘
1173,13:37:39,5.16,0.01,1,516,买盘
1174,13:37:57,5.16,0.0,16,8256,买盘
1175,13:38:00,5.16,0.0,1,516,买盘
1176,13:38:04,5.16,0.0,10,5160,买盘
1177,13:38:15,5.15,-0.01,58,29870,卖盘
1178,13:38:18,5.15,0.0,2,1030,买盘
1179,13:38:21,5.16,0.01,1,516,买盘
1180,13:38:24,5.15,-0.01,50,25750,卖盘
1181,13:38:27,5.15,0.0,39,20085,买盘
1182,13:38:30,5.15,0.0,18,9270,买盘
1183,13:38:33,5.14,-0.01,5,2571,卖盘
1184,13:38:36,5.15,0.01,1,515,买盘
1185,13:38:45,5.15,0.0,1,515,买盘
1186,13:38:51,5.14,-0.01,4,2056,卖盘
1187,13:39:04,5.14,0.0,1,514,卖盘
1188,13:39:06,5.15,0.01,1,515,买盘
1189,13:39:09,5.14,-0.01,524,269341,卖盘
1190,13:39:27,5.15,0.01,1,515,买盘
1191,13:39:30,5.14,-0.01,5,2570,卖盘
1192,13:39:33,5.14,0.0,4,2056,卖盘
1193,13:39:48,5.15,0.01,1,515,买盘
1194,13:40:00,5.15,0.0,51,26265,买盘
1195,13:40:12,5.16,0.01,1,516,买盘
1196,13:40:15,5.15,-0.01,1,515,卖盘
1197,13:40:18,5.15,0.0,43,22145,卖盘
1198,13:40:33,5.14,-0.01,5,2571,卖盘
1199,13:40:36,5.15,0.01,10,5150,买盘
1200,13:40:54,5.15,0.0,1,515,买盘
1201,13:41:09,5.14,-0.01,14,7196,卖盘
1202,13:41:12,5.14,0.0,6,3084,卖盘
1203,13:41:15,5.15,0.01,3,1543,买盘
1204,13:41:18,5.14,-0.01,1,514,卖盘
1205,13:41:21,5.14,0.0,1,514,卖盘
1206,13:41:27,5.13,-0.01,1,513,卖盘
1207,13:41:33,5.14,0.01,4,2056,卖盘
1208,13:41:36,5.15,0.01,1,515,买盘
1209,13:41:48,5.14,-0.01,14,7196,卖盘
1210,13:41:51,5.14,0.0,1,514,卖盘
1211,13:41:54,5.14,0.0,1,514,卖盘
1212,13:42:00,5.15,0.01,1,515,买盘
1213,13:42:15,5.14,-0.01,7,3598,卖盘
1214,13:42:21,5.15,0.01,1,515,买盘
1215,13:42:30,5.14,-0.01,5,2570,卖盘
1216,13:42:33,5.14,0.0,4,2056,卖盘
1217,13:42:36,5.15,0.01,10,5150,买盘
1218,13:42:42,5.15,0.0,1,515,买盘
1219,13:43:04,5.15,0.0,2,1030,买盘
1220,13:43:21,5.15,0.0,2,1030,买盘
1221,13:43:24,5.14,-0.01,7,3598,卖盘
1222,13:43:27,5.14,0.0,8,4113,卖盘
1223,13:43:33,5.14,0.0,4,2056,卖盘
1224,13:43:36,5.14,0.0,7,3598,卖盘
1225,13:43:48,5.15,0.01,1,515,买盘
1226,13:44:09,5.15,0.0,1,515,买盘
1227,13:44:30,5.15,0.0,1,515,买盘
1228,13:44:33,5.15,0.0,6,3086,买盘
1229,13:44:54,5.15,0.0,1,515,买盘
1230,13:45:15,5.15,0.0,1,515,买盘
1231,13:45:18,5.14,-0.01,40,20560,卖盘
1232,13:45:21,5.14,0.0,1,514,卖盘
1233,13:45:27,5.14,0.0,6,3084,卖盘
1234,13:45:33,5.14,0.0,4,2056,卖盘
1235,13:45:36,5.15,0.01,11,5665,买盘
1236,13:45:57,5.15,0.0,1,515,买盘
1237,13:46:12,5.14,-0.01,30,15420,卖盘
1238,13:46:18,5.15,0.01,1,515,买盘
1239,13:46:33,5.14,-0.01,4,2056,卖盘
1240,13:46:39,5.14,0.0,7,3598,卖盘
1241,13:46:42,5.15,0.01,1,515,买盘
1242,13:47:04,5.14,-0.01,11,5655,卖盘
1243,13:47:06,5.14,0.0,15,7710,卖盘
1244,13:47:12,5.14,0.0,32,16448,卖盘
1245,13:47:15,5.14,0.0,52,26728,卖盘
1246,13:47:18,5.14,0.0,10,5140,卖盘
1247,13:47:24,5.15,0.01,6,3085,买盘
1248,13:47:33,5.14,-0.01,4,2056,卖盘
1249,13:47:45,5.15,0.01,1,515,买盘
1250,13:47:48,5.14,-0.01,10,5140,卖盘
1251,13:48:00,5.14,0.0,7,3598,卖盘
1252,13:48:09,5.15,0.01,1,515,买盘
1253,13:48:24,5.15,0.0,2,1030,买盘
1254,13:48:30,5.15,0.0,1,515,买盘
1255,13:48:33,5.14,-0.01,4,2056,卖盘
1256,13:48:51,5.15,0.01,1,515,买盘
1257,13:48:54,5.14,-0.01,1,514,卖盘
1258,13:49:04,5.15,0.01,10,5150,买盘
1259,13:49:06,5.15,0.0,2,1030,买盘
1260,13:49:12,5.15,0.0,1,515,买盘
1261,13:49:33,5.14,-0.01,76,39064,卖盘
1262,13:49:36,5.15,0.01,1,515,买盘
1263,13:49:57,5.15,0.0,2,1030,买盘
1264,13:50:18,5.15,0.0,24,12337,买盘
1265,13:50:21,5.14,-0.01,5,2570,卖盘
1266,13:50:24,5.14,0.0,1,514,卖盘
1267,13:50:33,5.14,0.0,4,2056,卖盘
1268,13:50:36,5.14,0.0,41,21074,卖盘
1269,13:50:39,5.15,0.01,1,515,买盘
1270,13:51:01,5.15,0.0,1,515,买盘
1271,13:51:24,5.15,0.0,1,515,买盘
1272,13:51:34,5.14,-0.01,4,2056,卖盘
1273,13:51:45,5.15,0.01,1,515,买盘
1274,13:51:48,5.14,-0.01,49,25186,卖盘
1275,13:51:51,5.15,0.01,16,8240,买盘
1276,13:52:06,5.15,0.0,1,515,买盘
1277,13:52:18,5.15,0.0,2,1030,买盘
1278,13:52:21,5.14,-0.01,60,30840,卖盘
1279,13:52:27,5.15,0.01,1,515,买盘
1280,13:52:30,5.14,-0.01,54,27756,卖盘
1281,13:52:33,5.14,0.0,4,2056,卖盘
1282,13:52:51,5.15,0.01,1,515,买盘
1283,13:53:00,5.14,-0.01,41,21074,卖盘
1284,13:53:12,5.14,0.0,1,514,买盘
1285,13:53:33,5.14,0.0,5,2566,买盘
1286,13:53:39,5.14,0.0,4,2056,买盘
1287,13:53:54,5.14,0.0,1,514,买盘
1288,13:54:18,5.14,0.0,1,514,买盘
1289,13:54:33,5.13,-0.01,4,2052,卖盘
1290,13:54:36,5.13,0.0,1,513,卖盘
1291,13:54:39,5.14,0.01,1,514,买盘
1292,13:55:00,5.14,0.0,1,514,买盘
1293,13:55:21,5.14,0.0,1,514,买盘
1294,13:55:33,5.13,-0.01,4,2052,卖盘
1295,13:55:45,5.14,0.01,1,514,买盘
1296,13:56:06,5.14,0.0,1,514,买盘
1297,13:56:12,5.14,0.0,2,1028,买盘
1298,13:56:21,5.14,0.0,2,1028,买盘
1299,13:56:27,5.14,0.0,1,514,买盘
1300,13:56:33,5.13,-0.01,4,2052,卖盘
1301,13:56:48,5.14,0.01,1,514,买盘
1302,13:57:09,5.14,0.0,2,1028,买盘
1303,13:57:18,5.14,0.0,2,1028,买盘
1304,13:57:33,5.13,-0.01,5,2566,卖盘
1305,13:57:54,5.14,0.01,1,514,买盘
1306,13:57:57,5.13,-0.01,124,63613,卖盘
1307,13:58:15,5.13,0.0,2,1027,卖盘
1308,13:58:33,5.13,0.0,4,2052,卖盘
1309,13:58:36,5.14,0.01,1,514,买盘
1310,13:59:00,5.14,0.0,1,514,买盘
1311,13:59:09,5.13,-0.01,45,23085,卖盘
1312,13:59:21,5.14,0.01,1,514,买盘
1313,13:59:27,5.14,0.0,10,5140,买盘
1314,13:59:30,5.14,0.0,10,5140,买盘
1315,13:59:33,5.13,-0.01,4,2052,卖盘
1316,13:59:42,5.14,0.01,1,514,买盘
1317,14:00:04,5.14,0.0,1,514,买盘
1318,14:00:24,5.14,0.0,3,1542,买盘
1319,14:00:30,5.14,0.0,16,8224,买盘
1320,14:00:33,5.13,-0.01,4,2052,卖盘
1321,14:00:48,5.14,0.01,3,1542,买盘
1322,14:01:06,5.14,0.0,10,5140,买盘
1323,14:01:09,5.14,0.0,1,514,买盘
1324,14:01:18,5.14,0.0,42,21588,买盘
1325,14:01:30,5.14,0.0,1,514,买盘
1326,14:01:33,5.13,-0.01,4,2052,卖盘
1327,14:01:45,5.13,0.0,1,513,卖盘
1328,14:01:51,5.14,0.01,1,514,买盘
1329,14:02:15,5.14,0.0,1,514,买盘
1330,14:02:18,5.14,0.0,3,1542,买盘
1331,14:02:24,5.14,0.0,2,1028,买盘
1332,14:02:33,5.13,-0.01,4,2052,卖盘
1333,14:02:36,5.14,0.01,27,13878,买盘
1334,14:02:39,5.14,0.0,6,3084,买盘
1335,14:02:42,5.14,0.0,4,2056,买盘
1336,14:02:45,5.14,0.0,10,5140,买盘
1337,14:02:57,5.14,0.0,1,514,买盘
1338,14:03:18,5.14,0.0,1,514,买盘
1339,14:03:27,5.14,0.0,108,55512,买盘
1340,14:03:30,5.14,0.0,16,8224,买盘
1341,14:03:33,5.13,-0.01,7,3594,卖盘
1342,14:03:36,5.14,0.01,1,514,买盘
1343,14:03:42,5.14,0.0,1,514,买盘
1344,14:04:00,5.14,0.0,16,8224,买盘
1345,14:04:03,5.14,0.0,1,514,买盘
1346,14:04:06,5.14,0.0,10,5140,买盘
1347,14:04:24,5.13,-0.01,4,2054,卖盘
1348,14:04:30,5.13,0.0,1,513,卖盘
1349,14:04:33,5.13,0.0,4,2052,卖盘
1350,14:04:45,5.14,0.01,3,1542,买盘
1351,14:05:00,5.13,-0.01,116,59508,卖盘
1352,14:05:06,5.14,0.01,1,514,买盘
1353,14:05:09,5.14,0.0,1,514,买盘
1354,14:05:18,5.14,0.0,6,3083,买盘
1355,14:05:21,5.14,0.0,14,7196,买盘
1356,14:05:30,5.14,0.0,1,514,买盘
1357,14:05:33,5.13,-0.01,4,2052,卖盘
1358,14:05:51,5.14,0.01,1,514,买盘
1359,14:06:12,5.14,0.0,1,514,买盘
1360,14:06:33,5.14,0.0,24,12332,买盘
1361,14:06:36,5.14,0.0,2,1028,买盘
1362,14:06:39,5.14,0.0,2,1028,买盘
1363,14:06:57,5.14,0.0,1,514,买盘
1364,14:07:00,5.14,0.0,16,8224,买盘
1365,14:07:04,5.14,0.0,1,514,买盘
1366,14:07:18,5.14,0.0,3,1542,买盘
1367,14:07:33,5.13,-0.01,4,2052,卖盘
1368,14:07:39,5.14,0.01,1,514,买盘
1369,14:07:54,5.13,-0.01,8,4104,卖盘
1370,14:08:00,5.14,0.01,1,514,买盘
1371,14:08:06,5.13,-0.01,5,2565,卖盘
1372,14:08:12,5.14,0.01,1,514,买盘
1373,14:08:21,5.14,0.0,3,1542,买盘
1374,14:08:24,5.14,0.0,1,514,买盘
1375,14:08:27,5.14,0.0,2,1028,买盘
1376,14:08:33,5.13,-0.01,4,2052,卖盘
1377,14:08:45,5.14,0.01,1,514,买盘
1378,14:08:51,5.13,-0.01,6,3078,卖盘
1379,14:08:57,5.13,0.0,1,513,卖盘
1380,14:09:06,5.14,0.01,1,514,买盘
1381,14:09:27,5.14,0.0,1,514,买盘
1382,14:09:30,5.14,0.0,1,514,买盘
1383,14:09:33,5.13,-0.01,4,2052,卖盘
1384,14:09:48,5.14,0.01,10,5140,买盘
1385,14:09:51,5.13,-0.01,6,3079,卖盘
1386,14:10:00,5.14,0.01,14,7196,买盘
1387,14:10:04,5.14,0.0,2,1028,买盘
1388,14:10:12,5.14,0.0,1,514,买盘
1389,14:10:27,5.14,0.0,21,10794,买盘
1390,14:10:30,5.14,0.0,2,1028,买盘
1391,14:10:33,5.14,0.0,8,4108,买盘
1392,14:10:45,5.13,-0.01,13,6674,卖盘
1393,14:10:48,5.14,0.01,2,1028,买盘
1394,14:10:51,5.13,-0.01,2,1027,卖盘
1395,14:10:54,5.14,0.01,12,6158,买盘
1396,14:10:57,5.14,0.0,2,1028,买盘
1397,14:11:06,5.14,0.0,1,514,买盘
1398,14:11:18,5.14,0.0,1,514,买盘
1399,14:11:21,5.14,0.0,11,5654,买盘
1400,14:11:24,5.14,0.0,1,514,买盘
1401,14:11:33,5.14,0.0,448,230268,买盘
1402,14:11:36,5.15,0.01,70,36050,买盘
1403,14:11:39,5.15,0.0,8,4120,买盘
1404,14:11:42,5.15,0.0,2,1030,买盘
1405,14:11:45,5.14,-0.01,8,4112,卖盘
1406,14:11:57,5.14,0.0,1,514,卖盘
1407,14:12:00,5.15,0.01,1,515,买盘
1408,14:12:21,5.15,0.0,3,1545,买盘
1409,14:12:24,5.15,0.0,1,515,买盘
1410,14:12:33,5.14,-0.01,4,2056,卖盘
1411,14:12:42,5.15,0.01,1,515,买盘
1412,14:12:45,5.15,0.0,1,515,买盘
1413,14:13:00,5.15,0.0,15,7725,买盘
1414,14:13:03,5.15,0.0,1,515,买盘
1415,14:13:06,5.15,0.0,1,515,买盘
1416,14:13:18,5.15,0.0,10,5150,买盘
1417,14:13:21,5.15,0.0,1,515,买盘
1418,14:13:27,5.15,0.0,1,515,买盘
1419,14:13:33,5.14,-0.01,4,2056,卖盘
1420,14:13:39,5.15,0.01,93,47895,买盘
1421,14:13:42,5.15,0.0,82,42230,买盘
1422,14:13:45,5.15,0.0,46,23690,买盘
1423,14:13:48,5.15,0.0,37,19055,买盘
1424,14:13:51,5.15,0.0,89,45835,买盘
1425,14:13:54,5.15,0.0,22,11330,买盘
1426,14:13:57,5.16,0.01,2,1032,买盘
1427,14:14:04,5.16,0.0,1,516,买盘
1428,14:14:09,5.16,0.0,12,6182,买盘
1429,14:14:15,5.16,0.0,1,516,买盘
1430,14:14:18,5.15,-0.01,2,1031,卖盘
1431,14:14:21,5.16,0.01,1,516,买盘
1432,14:14:24,5.16,0.0,1,516,买盘
1433,14:14:27,5.16,0.0,2,1032,买盘
1434,14:14:30,5.16,0.0,1,516,买盘
1435,14:14:33,5.15,-0.01,5,2576,卖盘
1436,14:14:54,5.16,0.01,3,1548,买盘
1437,14:14:57,5.15,-0.01,20,10301,卖盘
1438,14:15:04,5.16,0.01,1,516,买盘
1439,14:15:06,5.16,0.0,1,516,买盘
1440,14:15:12,5.16,0.0,1,516,买盘
1441,14:15:15,5.16,0.0,2,1032,买盘
1442,14:15:18,5.15,-0.01,55,28328,卖盘
1443,14:15:21,5.15,0.0,6,3090,卖盘
1444,14:15:24,5.15,0.0,20,10301,卖盘
1445,14:15:27,5.15,0.0,76,39097,卖盘
1446,14:15:33,5.14,-0.01,41,21091,卖盘
1447,14:15:36,5.15,0.01,12,6170,买盘
1448,14:15:42,5.15,0.0,3,1545,买盘
1449,14:15:45,5.15,0.0,2,1030,买盘
1450,14:15:48,5.15,0.0,1,515,买盘
1451,14:15:51,5.15,0.0,1,515,买盘
1452,14:15:57,5.15,0.0,1,515,买盘
1453,14:16:00,5.15,0.0,12,6180,买盘
1454,14:16:12,5.15,0.0,1,515,买盘
1455,14:16:21,5.15,0.0,1,515,买盘
1456,14:16:30,5.15,0.0,1,515,买盘
1457,14:16:33,5.14,-0.01,4,2056,卖盘
1458,14:16:36,5.15,0.01,1,515,买盘
1459,14:16:42,5.15,0.0,1,515,买盘
1460,14:16:45,5.15,0.0,1,515,买盘
1461,14:16:48,5.15,0.0,2,1030,买盘
1462,14:17:04,5.15,0.0,1,515,买盘
1463,14:17:09,5.14,-0.01,10,5140,卖盘
1464,14:17:24,5.15,0.01,1,515,买盘
1465,14:17:33,5.14,-0.01,4,2056,卖盘
1466,14:17:49,5.15,0.01,3,1545,买盘
1467,14:18:09,5.15,0.0,1,515,买盘
1468,14:18:30,5.15,0.0,18,9270,买盘
1469,14:18:33,5.15,0.0,14,7206,买盘
1470,14:18:36,5.15,0.0,1,515,买盘
1471,14:18:42,5.14,-0.01,10,5140,卖盘
1472,14:18:45,5.15,0.01,1,515,买盘
1473,14:18:48,5.15,0.0,1,515,买盘
1474,14:18:51,5.15,0.0,2,1030,买盘
1475,14:18:54,5.15,0.0,10,5150,买盘
1476,14:18:57,5.15,0.0,1,515,买盘
1477,14:19:15,5.15,0.0,2,1030,买盘
1478,14:19:18,5.15,0.0,1,515,买盘
1479,14:19:21,5.15,0.0,1,515,买盘
1480,14:19:27,5.15,0.0,1,515,买盘
1481,14:19:30,5.15,0.0,1,515,买盘
1482,14:19:33,5.15,0.0,26,13386,买盘
1483,14:19:36,5.15,0.0,2,1030,买盘
1484,14:19:39,5.15,0.0,1,515,买盘
1485,14:19:42,5.15,0.0,1,515,买盘
1486,14:19:51,5.15,0.0,49,25235,买盘
1487,14:19:54,5.15,0.0,4,2060,买盘
1488,14:19:57,5.15,0.0,3,1545,买盘
1489,14:20:00,5.15,0.0,1,515,买盘
1490,14:20:04,5.15,0.0,1,515,买盘
1491,14:20:06,5.14,-0.01,3,1543,卖盘
1492,14:20:09,5.15,0.01,14,7210,买盘
1493,14:20:12,5.15,0.0,31,16284,买盘
1494,14:20:15,5.16,0.01,3,1548,买盘
1495,14:20:18,5.16,0.0,2,1032,买盘
1496,14:20:21,5.16,0.0,2,1032,买盘
1497,14:20:24,5.16,0.0,1,516,买盘
1498,14:20:30,5.16,0.0,1,516,买盘
1499,14:20:33,5.16,0.0,1,516,买盘
1500,14:20:36,5.16,0.0,1,516,买盘
1501,14:20:43,5.16,0.0,1,516,买盘
1502,14:20:45,5.16,0.0,1,516,买盘
1503,14:20:48,5.16,0.0,1,516,买盘
1504,14:20:51,5.16,0.0,1,516,买盘
1505,14:20:54,5.16,0.0,1,516,买盘
1506,14:20:57,5.16,0.0,1,516,买盘
1507,14:21:00,5.16,0.0,1,516,买盘
1508,14:21:04,5.16,0.0,2,1032,买盘
1509,14:21:06,5.16,0.0,1,516,买盘
1510,14:21:09,5.16,0.0,1,516,买盘
1511,14:21:24,5.15,-0.01,7,3607,卖盘
1512,14:21:27,5.16,0.01,2,1032,买盘
1513,14:21:30,5.15,-0.01,24,12377,卖盘
1514,14:21:33,5.15,0.0,6,3092,卖盘
1515,14:21:36,5.16,0.01,1,516,买盘
1516,14:21:45,5.16,0.0,1,516,买盘
1517,14:21:54,5.15,-0.01,78,40170,卖盘
1518,14:21:57,5.16,0.01,1,516,买盘
1519,14:22:06,5.16,0.0,1,516,买盘
1520,14:22:12,5.15,-0.01,10,5150,卖盘
1521,14:22:15,5.16,0.01,1,516,买盘
1522,14:22:24,5.15,-0.01,10,5150,卖盘
1523,14:22:27,5.15,0.0,1,515,卖盘
1524,14:22:30,5.15,0.0,13,6696,卖盘
1525,14:22:33,5.15,0.0,9,4635,卖盘
1526,14:22:36,5.14,-0.01,19,9770,卖盘
1527,14:22:39,5.14,0.0,84,43176,卖盘
1528,14:22:45,5.14,0.0,26,13366,卖盘
1529,14:22:48,5.15,0.01,1,515,卖盘
1530,14:22:51,5.15,0.0,27,13890,买盘
1531,14:22:57,5.15,0.0,14,7210,卖盘
1532,14:23:00,5.15,0.0,3,1545,买盘
1533,14:23:12,5.16,0.01,1,516,买盘
1534,14:23:24,5.16,0.0,1,516,买盘
1535,14:23:27,5.15,-0.01,7,3605,卖盘
1536,14:23:30,5.15,0.0,17,8755,卖盘
1537,14:23:33,5.16,0.01,12,6181,买盘
1538,14:23:42,5.15,-0.01,5,2575,卖盘
1539,14:23:45,5.14,-0.01,80,41191,卖盘
1540,14:23:48,5.14,0.0,7,3599,卖盘
1541,14:23:51,5.14,0.0,5,2570,卖盘
1542,14:23:57,5.14,0.0,20,10283,卖盘
1543,14:24:00,5.14,0.0,15,7719,卖盘
1544,14:24:04,5.14,0.0,7,3600,卖盘
1545,14:24:06,5.15,0.01,3,1545,买盘
1546,14:24:09,5.15,0.0,2,1030,买盘
1547,14:24:12,5.15,0.0,11,5665,中性盘
1548,14:24:15,5.15,0.0,1,515,买盘
1549,14:24:18,5.15,0.0,1,515,买盘
1550,14:24:30,5.15,0.0,1,515,买盘
1551,14:24:33,5.15,0.0,10,5150,买盘
1552,14:24:36,5.14,-0.01,2,1029,卖盘
1553,14:24:39,5.15,0.01,2,1030,买盘
1554,14:24:42,5.15,0.0,2,1030,买盘
1555,14:24:45,5.15,0.0,1,515,买盘
1556,14:25:00,5.16,0.01,6,3091,买盘
1557,14:25:04,5.15,-0.01,14,7210,卖盘
1558,14:25:06,5.14,-0.01,9,4628,卖盘
1559,14:25:09,5.15,0.01,2,1030,买盘
1560,14:25:12,5.15,0.0,2,1030,买盘
1561,14:25:15,5.15,0.0,1,515,买盘
1562,14:25:18,5.15,0.0,1,515,买盘
1563,14:25:24,5.15,0.0,2,1030,买盘
1564,14:25:27,5.15,0.0,2,1030,买盘
1565,14:25:33,5.14,-0.01,4,2056,卖盘
1566,14:25:39,5.14,0.0,2,1029,卖盘
1567,14:25:42,5.15,0.01,1,515,买盘
1568,14:25:45,5.15,0.0,2,1030,买盘
1569,14:25:48,5.15,0.0,1,515,买盘
1570,14:25:54,5.15,0.0,1,515,买盘
1571,14:25:57,5.15,0.0,1,515,买盘
1572,14:26:01,5.15,0.0,2,1030,买盘
1573,14:26:04,5.15,0.0,1,515,买盘
1574,14:26:06,5.15,0.0,2,1030,买盘
1575,14:26:27,5.15,0.0,1,515,买盘
1576,14:26:30,5.15,0.0,1,515,买盘
1577,14:26:33,5.15,0.0,5,2571,买盘
1578,14:26:36,5.15,0.0,1,515,买盘
1579,14:26:42,5.15,0.0,1,515,买盘
1580,14:26:45,5.15,0.0,18,9270,买盘
1581,14:26:48,5.15,0.0,3,1545,买盘
1582,14:26:51,5.15,0.0,1,515,买盘
1583,14:26:54,5.15,0.0,1,515,买盘
1584,14:27:00,5.15,0.0,1,515,买盘
1585,14:27:04,5.15,0.0,1,515,买盘
1586,14:27:06,5.15,0.0,51,26265,买盘
1587,14:27:09,5.15,0.0,4,2060,买盘
1588,14:27:12,5.15,0.0,14,7210,买盘
1589,14:27:15,5.15,0.0,1,515,买盘
1590,14:27:18,5.14,-0.01,1,514,卖盘
1591,14:27:30,5.14,0.0,18,9282,卖盘
1592,14:27:33,5.16,0.02,1,516,买盘
1593,14:27:54,5.15,-0.01,1,515,买盘
1594,14:27:57,5.15,0.0,1,515,买盘
1595,14:28:09,5.14,-0.01,7,3598,卖盘
1596,14:28:12,5.14,0.0,7,3598,卖盘
1597,14:28:15,5.15,0.01,9,4627,买盘
1598,14:28:21,5.14,-0.01,5,2570,卖盘
1599,14:28:33,5.15,0.01,5,2571,买盘
1600,14:28:39,5.15,0.0,1,515,买盘
1601,14:28:45,5.15,0.0,1,515,买盘
1602,14:28:57,5.14,-0.01,7,3598,卖盘
1603,14:29:00,5.15,0.01,1,515,买盘
1604,14:29:03,5.14,-0.01,7,3598,卖盘
1605,14:29:06,5.14,0.0,8,4112,卖盘
1606,14:29:09,5.15,0.01,1,515,买盘
1607,14:29:12,5.14,-0.01,11,5655,卖盘
1608,14:29:18,5.14,0.0,5,2570,卖盘
1609,14:29:21,5.14,0.0,6,3085,卖盘
1610,14:29:27,5.14,0.0,100,51400,卖盘
1611,14:29:33,5.14,0.0,4,2056,卖盘
1612,14:29:39,5.14,0.0,7,3598,卖盘
1613,14:29:42,5.15,0.01,1,515,买盘
1614,14:30:00,5.15,0.0,18,9270,买盘
1615,14:30:06,5.15,0.0,1,515,买盘
1616,14:30:09,5.14,-0.01,15,7710,卖盘
1617,14:30:12,5.14,0.0,7,3598,卖盘
1618,14:30:18,5.14,0.0,8,4112,卖盘
1619,14:30:27,5.15,0.01,6,3085,买盘
1620,14:30:33,5.14,-0.01,5,2571,卖盘
1621,14:30:36,5.14,0.0,5,2570,卖盘
1622,14:30:48,5.15,0.01,1,515,买盘
1623,14:31:09,5.15,0.0,1,515,买盘
1624,14:31:30,5.15,0.0,1,515,买盘
1625,14:31:33,5.14,-0.01,4,2056,卖盘
1626,14:31:36,5.15,0.01,10,5150,买盘
1627,14:31:45,5.14,-0.01,7,3598,卖盘
1628,14:31:48,5.14,0.0,20,10280,卖盘
1629,14:31:54,5.15,0.01,1,515,买盘
1630,14:31:57,5.15,0.0,23,11842,买盘
1631,14:32:15,5.15,0.0,1,515,买盘
1632,14:32:33,5.14,-0.01,4,2056,卖盘
1633,14:32:36,5.14,0.0,2,1029,卖盘
1634,14:32:45,5.14,0.0,7,3598,卖盘
1635,14:32:51,5.14,0.0,6,3084,卖盘
1636,14:32:54,5.14,0.0,1,514,卖盘
1637,14:32:57,5.15,0.01,11,5655,买盘
1638,14:33:15,5.14,-0.01,25,12850,卖盘
1639,14:33:21,5.15,0.01,2,1030,买盘
1640,14:33:27,5.14,-0.01,10,5140,卖盘
1641,14:33:30,5.15,0.01,1,515,买盘
1642,14:33:33,5.14,-0.01,12,6168,卖盘
1643,14:33:39,5.14,0.0,7,3598,卖盘
1644,14:33:42,5.14,0.0,11,5655,卖盘
1645,14:33:45,5.14,0.0,22,11308,卖盘
1646,14:33:48,5.14,0.0,12,6168,卖盘
1647,14:33:54,5.14,0.0,10,5140,卖盘
1648,14:34:00,5.14,0.0,10,5140,卖盘
1649,14:34:04,5.15,0.01,1,515,买盘
1650,14:34:18,5.14,-0.01,7,3598,卖盘
1651,14:34:24,5.15,0.01,1,515,买盘
1652,14:34:33,5.14,-0.01,4,2056,卖盘
1653,14:34:48,5.15,0.01,1,515,买盘
1654,14:34:54,5.15,0.0,10,5150,买盘
1655,14:35:07,5.14,-0.01,1,514,卖盘
1656,14:35:09,5.15,0.01,1,515,买盘
1657,14:35:12,5.15,0.0,10,5150,买盘
1658,14:35:24,5.14,-0.01,7,3598,卖盘
1659,14:35:30,5.15,0.01,18,9253,买盘
1660,14:35:33,5.14,-0.01,4,2056,卖盘
1661,14:35:36,5.14,0.0,7,3598,卖盘
1662,14:35:39,5.14,0.0,5,2570,卖盘
1663,14:35:42,5.14,0.0,2,1028,卖盘
1664,14:35:48,5.15,0.01,39,20085,买盘
1665,14:35:51,5.15,0.0,1,515,买盘
1666,14:36:15,5.15,0.0,1,515,买盘
1667,14:36:33,5.14,-0.01,4,2056,卖盘
1668,14:36:36,5.15,0.01,1,515,买盘
1669,14:36:57,5.15,0.0,1,515,买盘
1670,14:37:18,5.15,0.0,1,515,买盘
1671,14:37:33,5.14,-0.01,4,2056,卖盘
1672,14:37:39,5.15,0.01,1,515,买盘
1673,14:37:45,5.15,0.0,14,7210,买盘
1674,14:37:48,5.15,0.0,14,7210,买盘
1675,14:37:51,5.15,0.0,10,5150,卖盘
1676,14:38:04,5.15,0.0,1,515,买盘
1677,14:38:15,5.15,0.0,1,515,买盘
1678,14:38:25,5.15,0.0,2,1029,买盘
1679,14:38:33,5.14,-0.01,4,2056,卖盘
1680,14:38:45,5.15,0.01,1,515,买盘
1681,14:38:54,5.14,-0.01,1,514,卖盘
1682,14:39:00,5.14,0.0,1,514,卖盘
1683,14:39:04,5.14,0.0,1,514,卖盘
1684,14:39:06,5.15,0.01,1,515,买盘
1685,14:39:24,5.14,-0.01,5,2570,卖盘
1686,14:39:27,5.14,0.0,8,4112,卖盘
1687,14:39:30,5.15,0.01,1,515,买盘
1688,14:39:33,5.14,-0.01,4,2056,卖盘
1689,14:39:45,5.14,0.0,7,3598,卖盘
1690,14:39:48,5.14,0.0,12,6168,卖盘
1691,14:39:51,5.15,0.01,1,515,买盘
1692,14:39:57,5.14,-0.01,22,11308,卖盘
1693,14:40:06,5.14,0.0,12,6168,卖盘
1694,14:40:09,5.14,0.0,17,8738,卖盘
1695,14:40:12,5.15,0.01,38,19533,买盘
1696,14:40:15,5.14,-0.01,53,27242,卖盘
1697,14:40:18,5.14,0.0,13,6682,卖盘
1698,14:40:21,5.14,0.0,148,76072,卖盘
1699,14:40:24,5.14,0.0,39,20046,卖盘
1700,14:40:27,5.14,0.0,2,1028,卖盘
1701,14:40:33,5.15,0.01,56,28836,买盘
1702,14:40:48,5.14,-0.01,1,514,卖盘
1703,14:40:51,5.15,0.01,16,8240,买盘
1704,14:40:54,5.14,-0.01,8,4112,卖盘
1705,14:40:57,5.14,0.0,21,10798,卖盘
1706,14:41:00,5.15,0.01,1,515,买盘
1707,14:41:18,5.15,0.0,1,515,买盘
1708,14:41:31,5.14,-0.01,4,2056,卖盘
1709,14:41:33,5.14,0.0,8,4112,卖盘
1710,14:41:39,5.15,0.01,1,515,买盘
1711,14:42:00,5.15,0.0,1,515,买盘
1712,14:42:15,5.14,-0.01,3,1542,卖盘
1713,14:42:18,5.14,0.0,1,514,卖盘
1714,14:42:21,5.15,0.01,1,515,买盘
1715,14:42:33,5.14,-0.01,4,2056,卖盘
1716,14:42:36,5.14,0.0,1,514,卖盘
1717,14:42:45,5.15,0.01,1,515,买盘
1718,14:42:54,5.14,-0.01,4,2056,卖盘
1719,14:42:57,5.14,0.0,3,1543,卖盘
1720,14:43:00,5.15,0.01,1,515,买盘
1721,14:43:04,5.15,0.0,1,515,买盘
1722,14:43:07,5.15,0.0,15,7725,买盘
1723,14:43:10,5.15,0.0,1,515,买盘
1724,14:43:12,5.15,0.0,10,5150,买盘
1725,14:43:15,5.14,-0.01,7,3598,卖盘
1726,14:43:27,5.15,0.01,1,515,买盘
1727,14:43:33,5.14,-0.01,4,2056,卖盘
1728,14:43:42,5.15,0.01,39,20085,买盘
1729,14:43:48,5.15,0.0,1,515,买盘
1730,14:43:57,5.14,-0.01,8,4112,卖盘
1731,14:44:00,5.15,0.01,87,44725,买盘
1732,14:44:09,5.14,-0.01,8,4112,卖盘
1733,14:44:12,5.15,0.01,1,515,买盘
1734,14:44:21,5.14,-0.01,5,2570,卖盘
1735,14:44:33,5.14,0.0,5,2571,卖盘
1736,14:44:36,5.15,0.01,15,7725,买盘
1737,14:44:51,5.14,-0.01,1,514,卖盘
1738,14:44:54,5.15,0.01,1,515,买盘
1739,14:45:06,5.15,0.0,5,2572,买盘
1740,14:45:09,5.15,0.0,7,3605,买盘
1741,14:45:12,5.15,0.0,130,66950,买盘
1742,14:45:15,5.15,0.0,6,3090,买盘
1743,14:45:30,5.14,-0.01,2,1028,卖盘
1744,14:45:33,5.14,0.0,6,3084,卖盘
1745,14:45:39,5.15,0.01,1,515,买盘
1746,14:45:45,5.15,0.0,2,1030,买盘
1747,14:45:51,5.15,0.0,30,15450,买盘
1748,14:46:00,5.15,0.0,31,15965,买盘
1749,14:46:06,5.15,0.0,12,6180,买盘
1750,14:46:09,5.15,0.0,115,59227,买盘
1751,14:46:12,5.15,0.0,1,515,买盘
1752,14:46:15,5.15,0.0,1,515,买盘
1753,14:46:21,5.15,0.0,1,515,买盘
1754,14:46:30,5.15,0.0,18,9270,买盘
1755,14:46:42,5.15,0.0,1,515,买盘
1756,14:46:45,5.15,0.0,4,2060,买盘
1757,14:47:04,5.15,0.0,1,515,买盘
1758,14:47:07,5.15,0.0,21,10815,买盘
1759,14:47:09,5.15,0.0,24,12360,卖盘
1760,14:47:12,5.15,0.0,2,1030,卖盘
1761,14:47:21,5.15,0.0,43,22145,卖盘
1762,14:47:24,5.15,0.0,2,1030,卖盘
1763,14:47:27,5.15,0.0,14,7212,卖盘
1764,14:47:30,5.15,0.0,12,6180,卖盘
1765,14:47:36,5.16,0.01,10,5160,买盘
1766,14:47:42,5.15,-0.01,5,2575,卖盘
1767,14:47:48,5.16,0.01,1,516,买盘
1768,14:47:51,5.15,-0.01,1,515,卖盘
1769,14:47:54,5.15,0.0,3,1545,卖盘
1770,14:48:09,5.16,0.01,1,516,买盘
1771,14:48:12,5.15,-0.01,81,41715,卖盘
1772,14:48:30,5.15,0.0,1,515,买盘
1773,14:48:33,5.14,-0.01,14,7206,卖盘
1774,14:48:36,5.15,0.01,62,31930,买盘
1775,14:48:48,5.14,-0.01,7,3598,卖盘
1776,14:48:51,5.15,0.01,1,515,买盘
1777,14:48:54,5.15,0.0,1,515,买盘
1778,14:49:06,5.15,0.0,2,1030,买盘
1779,14:49:09,5.14,-0.01,5,2570,卖盘
1780,14:49:15,5.14,0.0,7,3599,卖盘
1781,14:49:18,5.14,0.0,1,514,卖盘
1782,14:49:21,5.15,0.01,10,5150,买盘
1783,14:49:34,5.14,-0.01,4,2056,卖盘
1784,14:49:36,5.15,0.01,1,515,买盘
1785,14:49:57,5.15,0.0,1,515,买盘
1786,14:50:04,5.15,0.0,8,4113,买盘
1787,14:50:06,5.14,-0.01,8,4112,卖盘
1788,14:50:09,5.14,0.0,9,4626,卖盘
1789,14:50:18,5.14,0.0,10,5141,卖盘
1790,14:50:21,5.14,0.0,3,1543,卖盘
1791,14:50:24,5.14,0.0,2,1028,卖盘
1792,14:50:33,5.14,0.0,4,2056,卖盘
1793,14:50:37,5.14,0.0,2,1028,卖盘
1794,14:50:42,5.15,0.01,1,515,买盘
1795,14:51:04,5.15,0.0,1,515,买盘
1796,14:51:06,5.14,-0.01,26,13364,卖盘
1797,14:51:15,5.15,0.01,5,2575,买盘
1798,14:51:24,5.15,0.0,1,515,买盘
1799,14:51:33,5.14,-0.01,7,3598,卖盘
1800,14:51:42,5.15,0.01,1,515,买盘
1801,14:51:45,5.14,-0.01,1,514,卖盘
1802,14:51:48,5.15,0.01,1,515,买盘
1803,14:51:51,5.14,-0.01,30,15420,卖盘
1804,14:51:54,5.14,0.0,7,3598,卖盘
1805,14:52:06,5.14,0.0,6,3084,卖盘
1806,14:52:09,5.15,0.01,1,515,买盘
1807,14:52:18,5.14,-0.01,147,75558,卖盘
1808,14:52:30,5.15,0.01,1,515,买盘
1809,14:52:33,5.14,-0.01,4,2056,卖盘
1810,14:52:36,5.15,0.01,12,6180,买盘
1811,14:52:39,5.14,-0.01,1,514,卖盘
1812,14:52:51,5.15,0.01,1,515,买盘
1813,14:52:57,5.15,0.0,11,5655,买盘
1814,14:53:04,5.14,-0.01,13,6684,卖盘
1815,14:53:06,5.14,0.0,6,3084,卖盘
1816,14:53:09,5.14,0.0,2,1028,卖盘
1817,14:53:12,5.15,0.01,7,3605,买盘
1818,14:53:15,5.14,-0.01,1,514,卖盘
1819,14:53:24,5.15,0.01,22,11330,买盘
1820,14:53:33,5.14,-0.01,4,2056,卖盘
1821,14:53:36,5.15,0.01,17,8755,买盘
1822,14:53:57,5.15,0.0,38,19550,买盘
1823,14:54:00,5.14,-0.01,1,514,卖盘
1824,14:54:18,5.15,0.01,11,5665,买盘
1825,14:54:33,5.14,-0.01,4,2056,卖盘
1826,14:54:36,5.15,0.01,16,8240,买盘
1827,14:54:39,5.15,0.0,2,1030,买盘
1828,14:54:42,5.15,0.0,108,55620,买盘
1829,14:54:45,5.14,-0.01,5,2570,卖盘
1830,14:54:51,5.15,0.01,1,515,买盘
1831,14:54:57,5.15,0.0,18,9270,买盘
1832,14:55:06,5.15,0.0,7,3605,买盘
1833,14:55:30,5.14,-0.01,7,3598,卖盘
1834,14:55:33,5.14,0.0,4,2056,卖盘
1835,14:55:36,5.15,0.01,182,93730,买盘
1836,14:55:39,5.14,-0.01,14,7197,卖盘
1837,14:55:42,5.14,0.0,7,3598,卖盘
1838,14:55:45,5.15,0.01,21,10808,买盘
1839,14:55:51,5.15,0.0,10,5150,买盘
1840,14:55:54,5.14,-0.01,10,5140,卖盘
1841,14:55:57,5.15,0.01,23,11845,买盘
1842,14:56:04,5.14,-0.01,119,61166,卖盘
1843,14:56:06,5.15,0.01,3,1545,买盘
1844,14:56:09,5.15,0.0,16,8238,买盘
1845,14:56:21,5.15,0.0,14,7210,买盘
1846,14:56:33,5.14,-0.01,15,7720,卖盘
1847,14:56:36,5.15,0.01,4,2060,买盘
1848,14:56:48,5.15,0.0,90,46350,买盘
1849,15:00:04,5.14,-0.01,968,497069,卖盘
