,time,price,change,vol,amount,type
0,09:25:04,4.5,0.02,238,107100,卖盘
1,09:30:00,4.5,0.0,109,49050,买盘
2,09:30:04,4.5,0.0,259,116488,买盘
3,09:30:06,4.49,-0.01,342,153584,卖盘
4,09:30:09,4.49,0.0,19,8531,买盘
5,09:30:12,4.51,0.02,71,31968,买盘
6,09:30:15,4.5,-0.01,59,26552,中性盘
7,09:30:18,4.51,0.01,39,17578,买盘
8,09:30:21,4.5,-0.01,5,2250,卖盘
9,09:30:24,4.5,0.0,10,4500,卖盘
10,09:30:27,4.5,0.0,15,6754,卖盘
11,09:30:30,4.5,0.0,18,8102,卖盘
12,09:30:33,4.5,0.0,23,10350,卖盘
13,09:30:36,4.5,0.0,22,9907,卖盘
14,09:30:39,4.51,0.01,60,27026,买盘
15,09:30:42,4.5,-0.01,34,15300,卖盘
16,09:30:45,4.5,0.0,11,4950,卖盘
17,09:30:48,4.5,0.0,1,450,卖盘
18,09:30:51,4.5,0.0,1,450,卖盘
19,09:30:54,4.5,0.0,2,900,卖盘
20,09:30:57,4.51,0.01,12,5402,买盘
21,09:31:00,4.51,0.0,13,5863,买盘
22,09:31:09,4.5,-0.01,27,12176,卖盘
23,09:31:12,4.51,0.01,31,13980,买盘
24,09:31:15,4.51,0.0,22,9922,买盘
25,09:31:19,4.51,0.0,13,5863,买盘
26,09:31:21,4.51,0.0,80,36080,买盘
27,09:31:24,4.51,0.0,134,60434,买盘
28,09:31:27,4.51,0.0,174,78474,买盘
29,09:31:30,4.51,0.0,142,64042,买盘
30,09:31:33,4.52,0.01,273,123137,买盘
31,09:31:36,4.52,0.0,30,13560,买盘
32,09:31:39,4.52,0.0,38,17176,买盘
33,09:31:42,4.52,0.0,25,11300,买盘
34,09:31:45,4.52,0.0,14,6328,买盘
35,09:31:48,4.52,0.0,14,6328,买盘
36,09:31:51,4.52,0.0,9,4068,买盘
37,09:31:54,4.52,0.0,1,452,买盘
38,09:31:57,4.52,0.0,16,7232,买盘
39,09:32:15,4.51,-0.01,610,275115,卖盘
40,09:32:18,4.51,0.0,64,28864,买盘
41,09:32:21,4.5,-0.01,20,9009,卖盘
42,09:32:24,4.51,0.01,21,9471,买盘
43,09:32:27,4.5,-0.01,41,18473,卖盘
44,09:32:30,4.51,0.01,5,2255,买盘
45,09:32:33,4.5,-0.01,121,54453,卖盘
46,09:32:36,4.51,0.01,2,902,买盘
47,09:32:39,4.51,0.0,13,5863,买盘
48,09:32:45,4.51,0.0,42,18942,买盘
49,09:32:48,4.51,0.0,20,9020,买盘
50,09:32:51,4.51,0.0,34,15334,买盘
51,09:32:54,4.51,0.0,25,11275,买盘
52,09:32:57,4.51,0.0,2,902,买盘
53,09:33:04,4.51,0.0,6,2706,买盘
54,09:33:09,4.51,0.0,11,4961,买盘
55,09:33:15,4.5,-0.01,7,3150,卖盘
56,09:33:21,4.51,0.01,9,4059,买盘
57,09:33:27,4.51,0.0,2,902,买盘
58,09:33:39,4.5,-0.01,4,1800,卖盘
59,09:33:51,4.51,0.01,9,4059,买盘
60,09:33:57,4.51,0.0,7,3157,买盘
61,09:34:00,4.5,-0.01,8,3600,卖盘
62,09:34:04,4.5,0.0,16,7203,卖盘
63,09:34:06,4.5,0.0,2,900,卖盘
64,09:34:09,4.5,0.0,418,188100,卖盘
65,09:34:12,4.5,0.0,6,2700,买盘
66,09:34:15,4.5,0.0,29,13050,买盘
67,09:34:18,4.49,-0.01,6,2694,卖盘
68,09:34:21,4.5,0.01,45,20250,买盘
69,09:34:27,4.5,0.0,2,900,买盘
70,09:34:30,4.5,0.0,59,26550,买盘
71,09:34:33,4.5,0.0,57,25650,买盘
72,09:34:36,4.5,0.0,21,9450,买盘
73,09:34:39,4.5,0.0,107,48150,买盘
74,09:34:42,4.5,0.0,71,31950,买盘
75,09:34:45,4.5,0.0,6,2700,买盘
76,09:34:52,4.5,0.0,39,17550,买盘
77,09:34:54,4.5,0.0,1,450,买盘
78,09:34:57,4.5,0.0,4,1800,买盘
79,09:35:00,4.5,0.0,1,450,买盘
80,09:35:06,4.49,-0.01,15,6737,卖盘
81,09:35:15,4.49,0.0,256,114944,卖盘
82,09:35:21,4.5,0.01,9,4050,买盘
83,09:35:27,4.5,0.0,2,900,买盘
84,09:35:30,4.49,-0.01,3,1347,卖盘
85,09:35:33,4.49,0.0,2,898,卖盘
86,09:35:42,4.49,0.0,10,4490,卖盘
87,09:35:45,4.49,0.0,53,23797,卖盘
88,09:35:48,4.49,0.0,20,8980,卖盘
89,09:35:51,4.5,0.01,9,4050,买盘
90,09:36:04,4.5,0.0,5,2250,买盘
91,09:36:21,4.5,0.0,1,450,买盘
92,09:36:27,4.5,0.0,56,25200,买盘
93,09:36:30,4.49,-0.01,54,24250,卖盘
94,09:36:36,4.5,0.01,14,6300,买盘
95,09:36:39,4.5,0.0,20,9000,买盘
96,09:36:42,4.5,0.0,24,10800,买盘
97,09:36:45,4.5,0.0,30,13500,买盘
98,09:36:48,4.5,0.0,10,4500,买盘
99,09:36:51,4.5,0.0,9,4050,买盘
100,09:36:57,4.5,0.0,10,4500,买盘
101,09:37:06,4.5,0.0,200,90000,买盘
102,09:37:09,4.5,0.0,8,3593,买盘
103,09:37:12,4.49,-0.01,15,6746,卖盘
104,09:37:15,4.5,0.01,19,8550,买盘
105,09:37:21,4.5,0.0,41,18450,买盘
106,09:37:24,4.5,0.0,5,2250,买盘
107,09:37:27,4.5,0.0,3,1350,买盘
108,09:37:33,4.49,-0.01,3,1347,卖盘
109,09:37:42,4.49,0.0,6,2694,卖盘
110,09:37:45,4.5,0.01,33,14850,买盘
111,09:37:48,4.5,0.0,2,900,买盘
112,09:37:51,4.5,0.0,6,2700,买盘
113,09:38:00,4.49,-0.01,39,17520,卖盘
114,09:38:06,4.49,0.0,15,6735,卖盘
115,09:38:21,4.5,0.01,20,9000,买盘
116,09:38:24,4.5,0.0,60,27000,买盘
117,09:38:27,4.5,0.0,3,1350,买盘
118,09:38:30,4.5,0.0,64,28800,买盘
119,09:38:33,4.5,0.0,18,8100,买盘
120,09:38:36,4.49,-0.01,1,539,卖盘
121,09:39:04,4.49,0.0,8,3592,卖盘
122,09:39:15,4.49,0.0,200,89800,卖盘
123,09:39:18,4.5,0.01,20,9000,买盘
124,09:39:24,4.5,0.0,20,9000,买盘
125,09:39:33,4.5,0.0,4,1800,买盘
126,09:39:39,4.5,0.0,1,450,买盘
127,09:39:45,4.5,0.0,5,2250,买盘
128,09:39:54,4.5,0.0,9,4050,买盘
129,09:39:57,4.5,0.0,33,14850,买盘
130,09:40:09,4.5,0.0,42,18900,买盘
131,09:40:12,4.5,0.0,76,34200,买盘
132,09:40:15,4.5,0.0,34,15300,买盘
133,09:40:18,4.5,0.0,17,7650,买盘
134,09:40:21,4.5,0.0,10,4500,买盘
135,09:40:27,4.5,0.0,49,22050,买盘
136,09:40:30,4.5,0.0,4,1800,买盘
137,09:40:33,4.5,0.0,16,7200,买盘
138,09:40:39,4.49,-0.01,5,2245,卖盘
139,09:40:42,4.49,0.0,37,16613,卖盘
140,09:40:45,4.49,0.0,52,23350,卖盘
141,09:40:48,4.49,0.0,50,22452,卖盘
142,09:41:03,4.5,0.01,2,900,买盘
143,09:41:09,4.49,-0.01,24,10790,卖盘
144,09:41:18,4.5,0.01,62,27900,买盘
145,09:41:21,4.49,-0.01,123,55250,卖盘
146,09:41:27,4.49,0.0,17,7660,卖盘
147,09:41:30,4.5,0.01,13,5850,买盘
148,09:41:36,4.49,-0.01,300,134700,卖盘
149,09:41:42,4.49,0.0,100,44900,卖盘
150,09:41:51,4.49,0.0,165,74354,卖盘
151,09:41:54,4.5,0.01,812,365175,买盘
152,09:41:57,4.5,0.0,120,54000,买盘
153,09:42:00,4.5,0.0,53,23850,卖盘
154,09:42:04,4.5,0.0,3,1350,买盘
155,09:42:12,4.5,0.0,6,2700,买盘
156,09:42:21,4.49,-0.01,1,449,卖盘
157,09:42:33,4.49,0.0,194,87106,卖盘
158,09:42:45,4.5,0.01,10,4500,买盘
159,09:42:48,4.49,-0.01,24,10776,卖盘
160,09:42:54,4.5,0.01,11,4950,买盘
161,09:43:09,4.5,0.0,26,11700,买盘
162,09:43:12,4.5,0.0,34,15300,买盘
163,09:43:15,4.5,0.0,3,1350,买盘
164,09:43:18,4.5,0.0,1,450,买盘
165,09:43:24,4.5,0.0,715,321750,买盘
166,09:43:27,4.5,0.0,188,84600,买盘
167,09:43:30,4.5,0.0,104,46800,买盘
168,09:43:33,4.5,0.0,116,52200,买盘
169,09:43:36,4.5,0.0,13,5850,买盘
170,09:43:42,4.5,0.0,70,31500,买盘
171,09:43:48,4.5,0.0,23,10350,卖盘
172,09:43:51,4.51,0.01,20,9020,买盘
173,09:43:57,4.51,0.0,117,52727,买盘
174,09:44:04,4.51,0.0,9,4059,买盘
175,09:44:06,4.51,0.0,14,6314,买盘
176,09:44:18,4.51,0.0,15,6765,买盘
177,09:44:21,4.51,0.0,3,1353,买盘
178,09:44:27,4.51,0.0,51,23001,买盘
179,09:44:30,4.51,0.0,60,27060,买盘
180,09:44:33,4.51,0.0,56,25256,买盘
181,09:44:36,4.51,0.0,2,902,买盘
182,09:44:39,4.51,0.0,2,902,买盘
183,09:44:42,4.51,0.0,10,4510,买盘
184,09:44:45,4.51,0.0,13,5863,买盘
185,09:44:51,4.51,0.0,14,6314,买盘
186,09:45:00,4.51,0.0,77,34727,买盘
187,09:45:04,4.51,0.0,31,13981,买盘
188,09:45:06,4.51,0.0,32,14432,买盘
189,09:45:09,4.51,0.0,31,13981,买盘
190,09:45:12,4.51,0.0,55,24805,买盘
191,09:45:15,4.51,0.0,12,5412,买盘
192,09:45:18,4.51,0.0,14,6314,买盘
193,09:45:21,4.5,-0.01,7,3153,卖盘
194,09:45:24,4.51,0.01,101,45551,买盘
195,09:45:27,4.51,0.0,10,4510,买盘
196,09:45:30,4.5,-0.01,10,4500,卖盘
197,09:45:48,4.51,0.01,564,253810,买盘
198,09:45:57,4.5,-0.01,141,63461,卖盘
199,09:46:00,4.5,0.0,87,39150,卖盘
200,09:46:04,4.5,0.0,10,4500,买盘
201,09:46:06,4.5,0.0,7,3150,买盘
202,09:46:15,4.5,0.0,34,15300,卖盘
203,09:46:24,4.5,0.0,100,45000,卖盘
204,09:46:27,4.51,0.01,1,451,买盘
205,09:46:30,4.51,0.0,16,7209,买盘
206,09:46:42,4.5,-0.01,10,4500,卖盘
207,09:46:45,4.51,0.01,20,9020,买盘
208,09:46:51,4.51,0.0,20,9020,买盘
209,09:46:54,4.51,0.0,40,18040,买盘
210,09:46:57,4.51,0.0,33,14883,买盘
211,09:47:00,4.5,-0.01,35,15765,卖盘
212,09:47:03,4.51,0.01,17,7667,买盘
213,09:47:27,4.5,-0.01,13,5850,卖盘
214,09:47:39,4.51,0.01,11,4961,买盘
215,09:47:57,4.5,-0.01,3,1458,卖盘
216,09:48:06,4.51,0.01,1,451,买盘
217,09:48:15,4.5,-0.01,11,4950,卖盘
218,09:48:21,4.51,0.01,1,451,买盘
219,09:48:24,4.51,0.0,1,451,买盘
220,09:48:33,4.51,0.0,2,902,买盘
221,09:48:42,4.5,-0.01,96,43200,卖盘
222,09:48:45,4.51,0.01,1,451,买盘
223,09:48:51,4.5,-0.01,10,4500,卖盘
224,09:48:54,4.51,0.01,8,3608,买盘
225,09:49:12,4.51,0.0,65,29315,买盘
226,09:49:30,4.51,0.0,1,451,买盘
227,09:49:51,4.51,0.0,14,6314,买盘
228,09:50:00,4.51,0.0,30,13530,买盘
229,09:50:09,4.51,0.0,26,11726,买盘
230,09:50:18,4.5,-0.01,1045,470142,卖盘
231,09:50:21,4.5,0.0,156,70200,买盘
232,09:50:24,4.5,0.0,33,14850,买盘
233,09:50:27,4.5,0.0,14,6300,买盘
234,09:50:30,4.5,0.0,1,450,买盘
235,09:50:33,4.5,0.0,1,450,买盘
236,09:50:36,4.5,0.0,1,450,买盘
237,09:50:39,4.5,0.0,1,450,买盘
238,09:51:04,4.5,0.0,38,17100,买盘
239,09:51:21,4.5,0.0,11,4950,买盘
240,09:51:24,4.5,0.0,3,1350,买盘
241,09:51:27,4.5,0.0,2,900,买盘
242,09:52:15,4.5,0.0,20,9000,买盘
243,09:52:18,4.5,0.0,173,77850,买盘
244,09:52:42,4.5,0.0,32,14400,买盘
245,09:52:48,4.49,-0.01,37,16613,卖盘
246,09:53:30,4.49,0.0,1500,673500,卖盘
247,09:53:33,4.5,0.01,9,4050,买盘
248,09:53:36,4.49,-0.01,2,898,卖盘
249,09:53:51,4.5,0.01,260,117000,买盘
250,09:53:57,4.5,0.0,24,10800,买盘
251,09:54:06,4.5,0.0,88,39530,买盘
252,09:54:21,4.49,-0.01,1,449,卖盘
253,09:54:45,4.49,0.0,100,44900,卖盘
254,09:54:51,4.49,0.0,10,4490,卖盘
255,09:54:54,4.5,0.01,65,29250,买盘
256,09:54:57,4.49,-0.01,3,1347,卖盘
257,09:55:00,4.49,0.0,35,15625,卖盘
258,09:56:09,4.5,0.01,49,22050,买盘
259,09:56:15,4.49,-0.01,106,47600,卖盘
260,09:56:21,4.49,0.0,20,8980,卖盘
261,09:56:42,4.49,0.0,5,2245,卖盘
262,09:56:45,4.5,0.01,4,1800,买盘
263,09:56:51,4.49,-0.01,166,74534,卖盘
264,09:56:54,4.49,0.0,60,26940,卖盘
265,09:56:57,4.5,0.01,20,8990,买盘
266,09:57:04,4.5,0.0,10,4500,买盘
267,09:57:06,4.5,0.0,9,4050,买盘
268,09:57:21,4.49,-0.01,43,19307,卖盘
269,09:58:00,4.49,0.0,82,36818,卖盘
270,09:58:33,4.5,0.01,4,1800,买盘
271,09:58:36,4.49,-0.01,300,134700,卖盘
272,09:58:48,4.49,0.0,6,2694,卖盘
273,09:58:51,4.5,0.01,22,9900,买盘
274,09:59:21,4.49,-0.01,1,449,卖盘
275,09:59:33,4.49,0.0,1,449,卖盘
276,09:59:46,4.49,0.0,10,4490,卖盘
277,09:59:57,4.49,0.0,19,8441,卖盘
278,10:00:00,4.49,0.0,4,2155,卖盘
279,10:00:18,4.49,0.0,40,17960,卖盘
280,10:00:27,4.49,0.0,1,449,卖盘
281,10:00:33,4.49,0.0,862,387038,卖盘
282,10:00:39,4.49,0.0,3,1347,卖盘
283,10:00:42,4.49,0.0,1,18,买盘
284,10:00:45,4.49,0.0,1,449,买盘
285,10:00:48,4.49,0.0,1,449,买盘
286,10:01:10,4.49,0.0,138,61962,买盘
287,10:01:24,4.49,0.0,50,22450,买盘
288,10:02:15,4.48,-0.01,36,16128,卖盘
289,10:02:18,4.48,0.0,37,16576,卖盘
290,10:02:39,4.48,0.0,100,44800,卖盘
291,10:02:57,4.48,0.0,9,4032,卖盘
292,10:03:00,4.48,0.0,35,15680,卖盘
293,10:03:30,4.49,0.01,573,257277,买盘
294,10:03:33,4.49,0.0,77,34573,买盘
295,10:03:36,4.49,0.0,101,45349,买盘
296,10:03:39,4.49,0.0,48,21552,买盘
297,10:03:42,4.49,0.0,79,35471,买盘
298,10:03:45,4.49,0.0,50,22450,买盘
299,10:03:48,4.49,0.0,29,13021,买盘
300,10:03:51,4.48,-0.01,14,6276,卖盘
301,10:03:54,4.49,0.01,2,898,买盘
302,10:04:21,4.48,-0.01,1,448,卖盘
303,10:04:27,4.48,0.0,47,21056,卖盘
304,10:04:45,4.49,0.01,15,6735,买盘
305,10:04:54,4.49,0.0,1,449,买盘
306,10:04:57,4.49,0.0,15,6721,买盘
307,10:05:00,4.49,0.0,5,2245,买盘
308,10:05:04,4.49,0.0,1,449,买盘
309,10:05:09,4.49,0.0,6,2694,买盘
310,10:05:12,4.49,0.0,43,19265,买盘
311,10:05:15,4.49,0.0,1,449,买盘
312,10:05:18,4.49,0.0,26,11650,买盘
313,10:05:24,4.48,-0.01,22,9862,卖盘
314,10:05:30,4.48,0.0,60,26880,卖盘
315,10:05:42,4.48,0.0,10,4480,卖盘
316,10:05:45,4.48,0.0,16,7168,卖盘
317,10:05:48,4.48,0.0,10,4480,卖盘
318,10:05:58,4.49,0.01,539,242011,买盘
319,10:06:00,4.49,0.0,67,30083,买盘
320,10:06:04,4.48,-0.01,21,9410,卖盘
321,10:06:07,4.49,0.01,65,29175,买盘
322,10:06:48,4.49,0.0,26,11674,买盘
323,10:06:51,4.48,-0.01,20,8960,卖盘
324,10:06:57,4.49,0.01,11,4939,买盘
325,10:07:00,4.49,0.0,13,5837,买盘
326,10:07:04,4.49,0.0,2,898,买盘
327,10:07:33,4.49,0.0,5,2245,买盘
328,10:07:39,4.48,-0.01,1,448,卖盘
329,10:07:57,4.49,0.01,2,898,买盘
330,10:08:15,4.49,0.0,5,2245,买盘
331,10:08:24,4.49,0.0,222,99678,买盘
332,10:08:27,4.49,0.0,19,8531,买盘
333,10:08:30,4.49,0.0,45,20205,买盘
334,10:08:39,4.49,0.0,50,22450,买盘
335,10:08:42,4.49,0.0,7,3143,买盘
336,10:08:45,4.49,0.0,1,449,买盘
337,10:08:51,4.49,0.0,50,22450,买盘
338,10:08:57,4.49,0.0,12,5388,买盘
339,10:09:04,4.49,0.0,3,1347,买盘
340,10:09:15,4.49,0.0,210,94290,买盘
341,10:09:18,4.49,0.0,25,11225,买盘
342,10:09:21,4.49,0.0,41,18409,买盘
343,10:09:24,4.49,0.0,104,46696,买盘
344,10:09:27,4.49,0.0,6,2694,买盘
345,10:09:30,4.49,0.0,1,449,买盘
346,10:09:39,4.48,-0.01,168,75264,卖盘
347,10:09:48,4.48,0.0,75,33600,卖盘
348,10:09:51,4.48,0.0,70,31360,卖盘
349,10:09:54,4.48,0.0,1263,565824,卖盘
350,10:10:04,4.48,0.0,3,1344,买盘
351,10:10:07,4.47,-0.01,28,12516,卖盘
352,10:10:12,4.47,0.0,20,8940,卖盘
353,10:10:21,4.47,0.0,9,4023,卖盘
354,10:10:24,4.47,0.0,1,447,卖盘
355,10:10:48,4.48,0.01,2,896,买盘
356,10:10:51,4.48,0.0,2,896,买盘
357,10:11:00,4.48,0.0,108,48384,买盘
358,10:11:04,4.48,0.0,69,30912,买盘
359,10:11:06,4.48,0.0,32,14336,买盘
360,10:11:09,4.48,0.0,29,12992,买盘
361,10:11:12,4.48,0.0,9,4032,买盘
362,10:11:15,4.48,0.0,4,1792,买盘
363,10:11:18,4.48,0.0,5,2240,买盘
364,10:11:21,4.48,0.0,1,448,买盘
365,10:11:24,4.48,0.0,26,11648,买盘
366,10:11:27,4.48,0.0,50,22400,买盘
367,10:11:30,4.48,0.0,19,8512,买盘
368,10:11:36,4.47,-0.01,16,7152,卖盘
369,10:11:45,4.47,0.0,16,7152,卖盘
370,10:12:00,4.48,0.01,2,896,买盘
371,10:12:12,4.47,-0.01,4,1788,卖盘
372,10:12:27,4.48,0.01,10,4480,买盘
373,10:12:30,4.48,0.0,267,119616,买盘
374,10:12:36,4.48,0.0,200,89600,卖盘
375,10:12:42,4.48,0.0,10,4480,卖盘
376,10:12:57,4.48,0.0,85,38080,卖盘
377,10:13:03,4.49,0.01,2,898,买盘
378,10:13:06,4.48,-0.01,10,4480,卖盘
379,10:13:09,4.48,0.0,10,4480,卖盘
380,10:13:24,4.47,-0.01,17,7609,卖盘
381,10:13:30,4.47,0.0,17,7599,卖盘
382,10:13:33,4.48,0.01,5,2240,买盘
383,10:13:36,4.48,0.0,44,19712,买盘
384,10:13:39,4.47,-0.01,14,6258,卖盘
385,10:14:24,4.47,0.0,56,25462,卖盘
386,10:14:30,4.48,0.01,21,9408,买盘
387,10:14:36,4.48,0.0,50,22400,买盘
388,10:14:42,4.48,0.0,17,7616,买盘
389,10:14:45,4.48,0.0,18,8064,买盘
390,10:14:48,4.48,0.0,19,8512,买盘
391,10:14:51,4.48,0.0,101,45248,买盘
392,10:14:54,4.48,0.0,22,9856,买盘
393,10:14:57,4.48,0.0,1,448,买盘
394,10:15:04,4.48,0.0,2,896,买盘
395,10:15:06,4.47,-0.01,7,3129,卖盘
396,10:15:09,4.47,0.0,9,4023,卖盘
397,10:15:12,4.47,0.0,20,8940,卖盘
398,10:15:15,4.47,0.0,58,25926,卖盘
399,10:15:24,4.47,0.0,44,19668,卖盘
400,10:15:27,4.47,0.0,30,13410,卖盘
401,10:15:30,4.48,0.01,39,17444,买盘
402,10:15:48,4.48,0.0,31,13888,买盘
403,10:16:12,4.48,0.0,1412,631261,买盘
404,10:16:15,4.47,-0.01,9,3639,买盘
405,10:16:21,4.47,0.0,10,4470,买盘
406,10:16:30,4.46,-0.01,14,6244,卖盘
407,10:16:39,4.46,0.0,10,4460,卖盘
408,10:16:48,4.46,0.0,26,11774,卖盘
409,10:16:54,4.47,0.01,26,11622,买盘
410,10:17:18,4.47,0.0,5,2235,买盘
411,10:17:21,4.46,-0.01,62,27652,卖盘
412,10:17:36,4.46,0.0,38,16956,卖盘
413,10:17:39,4.47,0.01,5,2235,买盘
414,10:17:45,4.47,0.0,1,447,买盘
415,10:17:48,4.46,-0.01,215,95890,卖盘
416,10:18:09,4.46,0.0,6,2676,卖盘
417,10:18:12,4.46,0.0,490,218362,卖盘
418,10:18:21,4.47,0.01,1,447,买盘
419,10:18:24,4.46,-0.01,122,54412,卖盘
420,10:18:30,4.47,0.01,11,4917,买盘
421,10:18:39,4.47,0.0,68,30396,买盘
422,10:18:45,4.47,0.0,432,193104,卖盘
423,10:18:57,4.47,0.0,313,139911,买盘
424,10:19:00,4.47,0.0,31,13857,买盘
425,10:19:04,4.47,0.0,1,447,买盘
426,10:19:09,4.47,0.0,25,11175,买盘
427,10:19:12,4.47,0.0,11,4917,买盘
428,10:19:15,4.47,0.0,10,4470,买盘
429,10:19:18,4.47,0.0,9,4023,买盘
430,10:19:21,4.47,0.0,7,3129,买盘
431,10:19:36,4.47,0.0,1,447,买盘
432,10:19:51,4.46,-0.01,14,6244,卖盘
433,10:20:04,4.46,0.0,34,15164,卖盘
434,10:20:06,4.47,0.01,45,20099,买盘
435,10:20:10,4.47,0.0,55,24585,买盘
436,10:20:12,4.47,0.0,42,18774,买盘
437,10:20:15,4.47,0.0,10,4470,买盘
438,10:20:18,4.47,0.0,3,1341,买盘
439,10:20:21,4.47,0.0,131,58557,买盘
440,10:20:24,4.48,0.01,40,17920,买盘
441,10:21:04,4.48,0.0,4,1792,买盘
442,10:21:06,4.47,-0.01,27,12069,卖盘
443,10:21:09,4.47,0.0,27,12069,卖盘
444,10:21:12,4.47,0.0,20,8940,卖盘
445,10:21:27,4.47,0.0,7,3129,卖盘
446,10:22:04,4.47,0.0,27,12069,卖盘
447,10:22:06,4.47,0.0,54,24138,卖盘
448,10:22:09,4.47,0.0,88,39425,卖盘
449,10:22:12,4.47,0.0,12,5364,卖盘
450,10:22:15,4.47,0.0,14,6258,卖盘
451,10:22:18,4.47,0.0,58,25926,卖盘
452,10:22:21,4.47,0.0,6,2682,卖盘
453,10:22:24,4.47,0.0,20,8940,卖盘
454,10:22:27,4.47,0.0,28,12516,卖盘
455,10:22:33,4.48,0.01,5,2240,买盘
456,10:22:39,4.48,0.0,32,14336,买盘
457,10:23:21,4.47,-0.01,71,31737,卖盘
458,10:23:24,4.47,0.0,11,4917,卖盘
459,10:23:54,4.48,0.01,3,1344,买盘
460,10:23:57,4.47,-0.01,8,3755,卖盘
461,10:24:04,4.48,0.01,10,4480,买盘
462,10:24:12,4.47,-0.01,200,89400,卖盘
463,10:24:27,4.48,0.01,1,448,买盘
464,10:24:33,4.48,0.0,10,4480,买盘
465,10:24:39,4.48,0.0,306,137088,买盘
466,10:24:42,4.48,0.0,26,11648,买盘
467,10:24:45,4.48,0.0,2,896,买盘
468,10:24:51,4.48,0.0,50,22400,买盘
469,10:24:54,4.48,0.0,2,896,买盘
470,10:25:00,4.47,-0.01,28,12516,卖盘
471,10:25:04,4.48,0.01,5,2240,买盘
472,10:25:06,4.47,-0.01,8,3576,卖盘
473,10:25:16,4.48,0.01,20,8960,买盘
474,10:25:18,4.48,0.0,35,15680,买盘
475,10:25:21,4.47,-0.01,1,447,卖盘
476,10:25:24,4.47,0.0,14,6258,卖盘
477,10:25:30,4.47,0.0,28,12516,卖盘
478,10:25:39,4.47,0.0,14,6258,卖盘
479,10:25:45,4.47,0.0,2,894,卖盘
480,10:25:51,4.47,0.0,16,7152,卖盘
481,10:25:57,4.47,0.0,20,8940,卖盘
482,10:26:04,4.47,0.0,13,5811,卖盘
483,10:26:09,4.47,0.0,176,78672,卖盘
484,10:26:33,4.48,0.01,4,1792,买盘
485,10:27:27,4.48,0.0,1,448,买盘
486,10:27:30,4.47,-0.01,72,32184,卖盘
487,10:27:39,4.47,0.0,100,44700,卖盘
488,10:28:04,4.48,0.01,3,1344,买盘
489,10:28:48,4.48,0.0,14,6259,买盘
490,10:28:57,4.47,-0.01,165,73775,卖盘
491,10:29:21,4.48,0.01,1,448,买盘
492,10:29:30,4.47,-0.01,71,31737,卖盘
493,10:29:36,4.47,0.0,1,447,卖盘
494,10:29:45,4.48,0.01,13,5824,买盘
495,10:29:51,4.48,0.0,14,6272,买盘
496,10:29:57,4.48,0.0,13,5824,买盘
497,10:30:09,4.47,-0.01,57,25479,卖盘
498,10:30:12,4.47,0.0,90,40230,卖盘
499,10:30:21,4.48,0.01,5,2240,买盘
500,10:30:24,4.47,-0.01,5,2235,卖盘
501,10:30:27,4.47,0.0,10,4470,卖盘
502,10:30:30,4.47,0.0,14,6258,卖盘
503,10:30:39,4.47,0.0,71,31737,卖盘
504,10:30:45,4.47,0.0,100,44700,卖盘
505,10:30:48,4.47,0.0,13,5811,卖盘
506,10:30:51,4.47,0.0,5,2235,卖盘
507,10:31:00,4.47,0.0,13,5811,卖盘
508,10:31:06,4.47,0.0,57,25479,卖盘
509,10:31:30,4.47,0.0,72,32184,卖盘
510,10:32:00,4.47,0.0,12,5364,卖盘
511,10:32:12,4.47,0.0,40,17880,卖盘
512,10:32:33,4.47,0.0,20,8940,卖盘
513,10:32:42,4.48,0.01,2,896,买盘
514,10:33:04,4.48,0.0,55,24640,买盘
515,10:33:06,4.48,0.0,7,3133,买盘
516,10:33:15,4.47,-0.01,113,50511,卖盘
517,10:33:30,4.47,0.0,77,34424,卖盘
518,10:33:36,4.47,0.0,14,6258,卖盘
519,10:33:42,4.47,0.0,38,16986,卖盘
520,10:33:45,4.47,0.0,6,2682,卖盘
521,10:33:48,4.47,0.0,6,2682,卖盘
522,10:34:06,4.47,0.0,5,2235,卖盘
523,10:34:45,4.47,0.0,89,39783,卖盘
524,10:34:48,4.47,0.0,6,2682,卖盘
525,10:34:51,4.47,0.0,7,3129,卖盘
526,10:34:57,4.47,0.0,26,11642,卖盘
527,10:35:04,4.48,0.01,13,5824,买盘
528,10:35:06,4.48,0.0,2,896,买盘
529,10:35:18,4.47,-0.01,6,2682,卖盘
530,10:35:21,4.47,0.0,50,22350,卖盘
531,10:35:24,4.47,0.0,20,8940,卖盘
532,10:35:27,4.47,0.0,34,15198,卖盘
533,10:35:30,4.47,0.0,94,42018,卖盘
534,10:35:33,4.47,0.0,14,6258,卖盘
535,10:35:36,4.47,0.0,20,8940,卖盘
536,10:35:42,4.47,0.0,6,2682,卖盘
537,10:35:45,4.47,0.0,14,6258,卖盘
538,10:35:51,4.48,0.01,21,9408,买盘
539,10:36:04,4.47,-0.01,4,1609,卖盘
540,10:36:06,4.47,0.0,6,2682,卖盘
541,10:36:27,4.47,0.0,6,2682,卖盘
542,10:36:55,4.47,0.0,6,2682,卖盘
543,10:37:18,4.47,0.0,6,2682,卖盘
544,10:37:39,4.47,0.0,6,2682,卖盘
545,10:37:45,4.47,0.0,72,32184,卖盘
546,10:38:03,4.47,0.0,6,2682,卖盘
547,10:38:24,4.47,0.0,501,223947,卖盘
548,10:38:27,4.46,-0.01,302,135167,卖盘
549,10:38:30,4.46,0.0,6,2676,卖盘
550,10:38:33,4.47,0.01,25,11175,买盘
551,10:38:57,4.46,-0.01,10,4460,卖盘
552,10:39:24,4.46,0.0,33,14718,卖盘
553,10:39:39,4.46,0.0,20,8920,卖盘
554,10:39:42,4.46,0.0,20,8920,卖盘
555,10:40:07,4.46,0.0,16,7136,卖盘
556,10:40:12,4.47,0.01,99,44253,买盘
557,10:40:24,4.47,0.0,53,23691,买盘
558,10:40:54,4.47,0.0,3,1341,买盘
559,10:40:57,4.47,0.0,21,9387,买盘
560,10:41:00,4.47,0.0,1,447,买盘
561,10:41:03,4.47,0.0,7,3129,买盘
562,10:41:06,4.47,0.0,3,1341,买盘
563,10:41:34,4.47,0.0,490,218851,买盘
564,10:41:42,4.47,0.0,49,21903,卖盘
565,10:41:45,4.47,0.0,1,536,卖盘
566,10:41:48,4.47,0.0,22,9834,卖盘
567,10:43:09,4.47,0.0,6,2682,卖盘
568,10:44:33,4.47,0.0,47,21042,卖盘
569,10:44:36,4.47,0.0,6,2682,卖盘
570,10:44:39,4.47,0.0,82,36654,卖盘
571,10:44:42,4.47,0.0,16,7152,卖盘
572,10:44:57,4.47,0.0,34,15198,卖盘
573,10:45:00,4.47,0.0,28,12516,卖盘
574,10:45:04,4.47,0.0,28,12731,卖盘
575,10:45:12,4.47,0.0,6,2682,卖盘
576,10:45:15,4.47,0.0,6,2682,卖盘
577,10:45:27,4.47,0.0,25,11175,卖盘
578,10:45:33,4.47,0.0,72,32184,卖盘
579,10:45:42,4.47,0.0,20,8940,卖盘
580,10:45:45,4.47,0.0,25,11175,卖盘
581,10:45:51,4.47,0.0,14,6258,卖盘
582,10:45:57,4.47,0.0,14,6258,卖盘
583,10:46:00,4.48,0.01,11,4928,买盘
584,10:46:06,4.47,-0.01,44,19668,卖盘
585,10:46:09,4.48,0.01,29,12992,买盘
586,10:46:15,4.47,-0.01,100,44700,卖盘
587,10:46:18,4.47,0.0,2,724,卖盘
588,10:46:30,4.47,0.0,6,2682,卖盘
589,10:46:33,4.47,0.0,20,8940,卖盘
590,10:46:42,4.47,0.0,14,6258,卖盘
591,10:46:45,4.47,0.0,10,4470,卖盘
592,10:46:48,4.47,0.0,444,198513,卖盘
593,10:46:51,4.46,-0.01,9,4017,卖盘
594,10:46:54,4.46,0.0,20,8920,卖盘
595,10:46:57,4.46,0.0,30,13380,卖盘
596,10:47:15,4.46,0.0,103,45938,卖盘
597,10:47:36,4.46,0.0,38,16948,卖盘
598,10:47:39,4.46,0.0,6,2676,卖盘
599,10:47:45,4.47,0.01,26,11622,买盘
600,10:48:04,4.46,-0.01,6,2676,卖盘
601,10:48:06,4.47,0.01,50,22350,买盘
602,10:48:09,4.46,-0.01,12,5352,卖盘
603,10:48:12,4.46,0.0,20,8920,卖盘
604,10:48:18,4.46,0.0,14,6244,卖盘
605,10:48:21,4.46,0.0,20,8920,卖盘
606,10:48:27,4.46,0.0,7,3122,卖盘
607,10:48:30,4.47,0.01,36,16086,买盘
608,10:48:39,4.46,-0.01,36,16056,卖盘
609,10:49:06,4.47,0.01,30,13410,买盘
610,10:49:09,4.46,-0.01,32,14272,卖盘
611,10:49:12,4.46,0.0,106,47276,卖盘
612,10:49:15,4.46,0.0,46,20516,卖盘
613,10:49:18,4.46,0.0,162,72252,卖盘
614,10:49:22,4.46,0.0,39,17394,卖盘
615,10:49:24,4.46,0.0,16,7136,卖盘
616,10:49:27,4.46,0.0,38,16948,卖盘
617,10:49:33,4.46,0.0,16,7136,卖盘
618,10:50:12,4.46,0.0,20,8920,卖盘
619,10:50:36,4.46,0.0,45,20085,卖盘
620,10:50:39,4.47,0.01,4,1788,买盘
621,10:50:42,4.47,0.0,54,24138,买盘
622,10:50:45,4.47,0.0,27,12069,买盘
623,10:50:48,4.47,0.0,55,24547,买盘
624,10:50:51,4.47,0.0,1,447,买盘
625,10:51:09,4.47,0.0,11,4917,买盘
626,10:51:12,4.47,0.0,10,4470,买盘
627,10:51:27,4.47,0.0,394,176118,买盘
628,10:51:45,4.47,0.0,187,83588,买盘
629,10:51:48,4.47,0.0,1,402,卖盘
630,10:51:57,4.48,0.01,1,448,买盘
631,10:52:42,4.48,0.0,446,199808,买盘
632,10:53:54,4.47,-0.01,10,4470,卖盘
633,10:53:57,4.47,0.0,38,16986,卖盘
634,10:54:04,4.48,0.01,1,448,买盘
635,10:54:30,4.48,0.0,5,2240,买盘
636,10:54:36,4.48,0.0,1,448,买盘
637,10:55:36,4.47,-0.01,38,16986,卖盘
638,10:55:45,4.48,0.01,26,11648,买盘
639,10:56:06,4.47,-0.01,3,1341,卖盘
640,10:56:24,4.47,0.0,21,9387,卖盘
641,10:56:39,4.47,0.0,4,1788,卖盘
642,10:57:06,4.47,0.0,38,16986,卖盘
643,10:57:30,4.47,0.0,153,68391,卖盘
644,10:57:36,4.47,0.0,18,8046,卖盘
645,10:58:45,4.47,0.0,38,16986,卖盘
646,10:59:39,4.48,0.01,42,18816,买盘
647,10:59:48,4.48,0.0,1,448,买盘
648,10:59:51,4.48,0.0,12,5376,买盘
649,11:00:06,4.48,0.0,100,44800,买盘
650,11:00:45,4.48,0.0,100,44800,买盘
651,11:01:09,4.47,-0.01,5,2235,卖盘
652,11:01:57,4.47,0.0,38,16986,卖盘
653,11:02:39,4.48,0.01,1,448,买盘
654,11:03:15,4.47,-0.01,59,26373,卖盘
655,11:03:42,4.47,0.0,38,16986,卖盘
656,11:03:57,4.47,0.0,3,1341,卖盘
657,11:04:06,4.47,0.0,48,21456,卖盘
658,11:04:15,4.48,0.01,116,51968,买盘
659,11:04:42,4.48,0.0,856,382769,买盘
660,11:04:45,4.46,-0.02,51,22814,买盘
661,11:04:51,4.46,0.0,13,5798,卖盘
662,11:04:54,4.46,0.0,20,8920,卖盘
663,11:04:57,4.47,0.01,169,75470,买盘
664,11:05:03,4.46,-0.01,38,16958,卖盘
665,11:05:06,4.46,0.0,16,7136,卖盘
666,11:05:24,4.47,0.01,60,26820,买盘
667,11:05:30,4.47,0.0,5,2235,买盘
668,11:05:51,4.46,-0.01,4,1784,卖盘
669,11:06:04,4.47,0.01,52,23244,买盘
670,11:06:09,4.47,0.0,30,13365,买盘
671,11:06:12,4.47,0.0,20,8940,卖盘
672,11:06:15,4.47,0.0,3,1341,买盘
673,11:07:18,4.47,0.0,2,894,卖盘
674,11:07:30,4.47,0.0,2,997,卖盘
675,11:09:04,4.47,0.0,1,447,卖盘
676,11:09:24,4.47,0.0,1,447,卖盘
677,11:10:15,4.48,0.01,76,34048,买盘
678,11:10:18,4.48,0.0,36,16128,买盘
679,11:10:21,4.48,0.0,23,10304,买盘
680,11:10:24,4.48,0.0,9,4032,买盘
681,11:10:27,4.48,0.0,1,448,买盘
682,11:10:30,4.48,0.0,2,896,买盘
683,11:10:33,4.48,0.0,1,448,买盘
684,11:10:51,4.48,0.0,1,448,买盘
685,11:11:24,4.48,0.0,50,22400,买盘
686,11:12:33,4.48,0.0,56,25088,买盘
687,11:13:04,4.48,0.0,18,8064,买盘
688,11:13:21,4.48,0.0,10,4480,买盘
689,11:13:33,4.48,0.0,1,448,买盘
690,11:13:39,4.47,-0.01,1,447,卖盘
691,11:13:42,4.47,0.0,100,44700,卖盘
692,11:14:09,4.48,0.01,2,896,买盘
693,11:14:36,4.47,-0.01,20,8940,卖盘
694,11:15:42,4.46,-0.01,2865,1279363,卖盘
695,11:15:45,4.46,0.0,28,12509,卖盘
696,11:15:48,4.46,0.0,2865,1277790,卖盘
697,11:16:00,4.47,0.01,31,13857,中性盘
698,11:17:00,4.48,0.01,11,4928,买盘
699,11:17:12,4.48,0.0,1,448,买盘
700,11:17:33,4.47,-0.01,6,2682,卖盘
701,11:17:42,4.47,0.0,8,3576,卖盘
702,11:17:45,4.46,-0.01,29,12935,卖盘
703,11:17:48,4.46,0.0,28,12488,卖盘
704,11:18:06,4.47,0.01,1,447,买盘
705,11:18:12,4.47,0.0,28,12516,买盘
706,11:18:15,4.47,0.0,1,447,买盘
707,11:18:30,4.47,0.0,5,2235,买盘
708,11:18:45,4.47,0.0,79,35313,买盘
709,11:18:51,4.47,0.0,105,46935,买盘
710,11:19:18,4.48,0.01,1,448,买盘
711,11:19:27,4.47,-0.01,10,4470,卖盘
712,11:19:51,4.48,0.01,8,3584,买盘
713,11:20:09,4.48,0.0,1,448,买盘
714,11:20:24,4.48,0.0,700,313600,买盘
715,11:20:33,4.48,0.0,9,4032,买盘
716,11:20:57,4.48,0.0,74,33152,买盘
717,11:21:00,4.48,0.0,15,6720,买盘
718,11:21:04,4.48,0.0,12,5376,买盘
719,11:21:06,4.48,0.0,3,1344,买盘
720,11:21:09,4.48,0.0,1,448,买盘
721,11:21:33,4.47,-0.01,21,9387,卖盘
722,11:21:36,4.47,0.0,34,15198,卖盘
723,11:21:39,4.47,0.0,42,18774,卖盘
724,11:21:42,4.47,0.0,35,15645,卖盘
725,11:21:45,4.47,0.0,47,21009,卖盘
726,11:21:54,4.47,0.0,274,122478,卖盘
727,11:23:03,4.48,0.01,10,4480,买盘
728,11:23:06,4.47,-0.01,12,5364,卖盘
729,11:23:36,4.48,0.01,14,6272,买盘
730,11:23:45,4.48,0.0,18,8064,买盘
731,11:24:00,4.48,0.0,8,3584,买盘
732,11:24:04,4.48,0.0,26,11648,买盘
733,11:24:33,4.47,-0.01,7,3129,卖盘
734,11:25:00,4.47,0.0,6,2682,卖盘
735,11:25:12,4.47,0.0,60,26820,卖盘
736,11:25:21,4.48,0.01,20,8960,买盘
737,11:25:36,4.48,0.0,1,448,买盘
738,11:26:12,4.48,0.0,6,2688,买盘
739,11:26:36,4.48,0.0,16,7168,买盘
740,11:26:48,4.47,-0.01,35,15645,卖盘
741,11:28:06,4.47,0.0,9,4023,卖盘
742,11:28:09,4.47,0.0,14,6258,卖盘
743,11:28:12,4.47,0.0,20,8940,卖盘
744,11:28:18,4.47,0.0,40,17880,卖盘
745,11:29:36,4.48,0.01,13,5824,买盘
746,11:29:45,4.47,-0.01,14,6258,卖盘
747,13:00:04,4.47,0.0,271,121288,卖盘
748,13:00:09,4.47,0.0,14,6258,卖盘
749,13:00:27,4.48,0.01,13,5824,买盘
750,13:00:30,4.47,-0.01,14,6258,卖盘
751,13:00:33,4.47,0.0,34,15198,卖盘
752,13:00:42,4.47,0.0,69,30843,卖盘
753,13:01:12,4.47,0.0,1,447,卖盘
754,13:01:15,4.47,0.0,772,345084,卖盘
755,13:01:18,4.46,-0.01,28,12488,卖盘
756,13:01:24,4.47,0.01,1,447,卖盘
757,13:01:27,4.47,0.0,13,5811,买盘
758,13:01:30,4.47,0.0,11,4917,卖盘
759,13:01:33,4.47,0.0,1,447,卖盘
760,13:01:36,4.47,0.0,2,894,卖盘
761,13:01:39,4.47,0.0,1,447,卖盘
762,13:01:42,4.47,0.0,1,447,卖盘
763,13:01:45,4.47,0.0,1,447,卖盘
764,13:01:48,4.47,0.0,1,447,卖盘
765,13:01:51,4.47,0.0,1,447,卖盘
766,13:01:54,4.47,0.0,1,447,卖盘
767,13:01:57,4.47,0.0,1,447,卖盘
768,13:02:00,4.47,0.0,1,447,卖盘
769,13:02:04,4.47,0.0,1,447,卖盘
770,13:02:06,4.47,0.0,1,447,卖盘
771,13:02:09,4.48,0.01,15,6720,买盘
772,13:02:18,4.47,-0.01,4,1788,卖盘
773,13:02:21,4.47,0.0,22,9834,买盘
774,13:02:24,4.47,0.0,2,894,卖盘
775,13:02:27,4.47,0.0,9,4023,卖盘
776,13:02:48,4.47,0.0,8,3576,卖盘
777,13:02:51,4.47,0.0,7,3129,卖盘
778,13:02:54,4.47,0.0,6,2682,卖盘
779,13:02:57,4.47,0.0,5,2235,卖盘
780,13:03:00,4.47,0.0,4,1788,卖盘
781,13:03:04,4.47,0.0,4,1788,卖盘
782,13:03:06,4.47,0.0,3,1341,卖盘
783,13:03:09,4.47,0.0,5,2235,卖盘
784,13:03:12,4.47,0.0,4,1788,卖盘
785,13:03:15,4.47,0.0,3,1341,卖盘
786,13:03:18,4.47,0.0,3,1341,卖盘
787,13:03:21,4.47,0.0,14,6258,卖盘
788,13:03:24,4.47,0.0,1,447,卖盘
789,13:03:27,4.47,0.0,1,447,卖盘
790,13:03:30,4.47,0.0,1,447,卖盘
791,13:03:33,4.47,0.0,1,447,卖盘
792,13:03:36,4.47,0.0,1,447,卖盘
793,13:03:39,4.47,0.0,1,447,卖盘
794,13:03:42,4.47,0.0,2,894,卖盘
795,13:03:45,4.47,0.0,29,12999,买盘
796,13:03:48,4.47,0.0,1,447,卖盘
797,13:03:51,4.47,0.0,1,447,卖盘
798,13:03:54,4.47,0.0,1,447,卖盘
799,13:03:57,4.47,0.0,1,447,卖盘
800,13:04:00,4.47,0.0,1,411,买盘
801,13:04:06,4.47,0.0,1,447,卖盘
802,13:04:09,4.47,0.0,1,447,卖盘
803,13:04:12,4.47,0.0,1,447,卖盘
804,13:04:15,4.47,0.0,1,447,卖盘
805,13:04:18,4.47,0.0,1,447,卖盘
806,13:04:21,4.47,0.0,1,447,卖盘
807,13:04:24,4.47,0.0,1,447,卖盘
808,13:04:27,4.47,0.0,1,447,卖盘
809,13:04:30,4.47,0.0,1,411,买盘
810,13:04:33,4.47,0.0,9,4023,卖盘
811,13:04:36,4.47,0.0,10,4506,买盘
812,13:04:39,4.47,0.0,1,447,卖盘
813,13:04:42,4.47,0.0,7,3129,卖盘
814,13:04:45,4.47,0.0,6,2682,卖盘
815,13:04:48,4.47,0.0,7,3129,卖盘
816,13:04:51,4.47,0.0,6,2682,卖盘
817,13:04:54,4.47,0.0,5,2235,卖盘
818,13:04:57,4.47,0.0,1,447,卖盘
819,13:05:09,4.48,0.01,18,8064,买盘
820,13:05:36,4.47,-0.01,11,4917,卖盘
821,13:05:39,4.48,0.01,10,4480,买盘
822,13:06:09,4.47,-0.01,145,64779,卖盘
823,13:06:12,4.47,0.0,247,110445,买盘
824,13:06:15,4.47,0.0,1,447,卖盘
825,13:06:27,4.47,0.0,65,29106,卖盘
826,13:06:36,4.48,0.01,16,7168,买盘
827,13:06:39,4.47,-0.01,65,29059,卖盘
828,13:06:48,4.47,0.0,24,10692,卖盘
829,13:06:51,4.47,0.0,48,21428,买盘
830,13:06:57,4.46,-0.01,28,12488,卖盘
831,13:07:00,4.47,0.01,27,12069,买盘
832,13:07:09,4.47,0.0,23,10281,买盘
833,13:07:39,4.47,0.0,13,5811,买盘
834,13:07:42,4.46,-0.01,19,8474,卖盘
835,13:08:04,4.46,0.0,48,21408,卖盘
836,13:08:18,4.46,0.0,205,91435,卖盘
837,13:08:39,4.46,0.0,7,3122,卖盘
838,13:08:45,4.46,0.0,12,5352,卖盘
839,13:09:04,4.46,0.0,1,446,卖盘
840,13:09:18,4.47,0.01,10,4470,买盘
841,13:09:21,4.47,0.0,10,4470,买盘
842,13:09:33,4.46,-0.01,1,446,卖盘
843,13:09:36,4.46,0.0,27,12042,卖盘
844,13:09:39,4.47,0.01,18,8046,买盘
845,13:09:48,4.47,0.0,87,38889,买盘
846,13:09:51,4.47,0.0,13,5811,买盘
847,13:09:57,4.46,-0.01,1,446,卖盘
848,13:10:04,4.46,0.0,2,892,卖盘
849,13:10:09,4.47,0.01,43,19221,买盘
850,13:10:12,4.47,0.0,59,26373,买盘
851,13:10:15,4.47,0.0,17,7599,买盘
852,13:10:18,4.47,0.0,10,4470,买盘
853,13:10:21,4.47,0.0,6,2682,买盘
854,13:10:24,4.47,0.0,11,4917,买盘
855,13:10:30,4.47,0.0,14,6258,买盘
856,13:10:45,4.47,0.0,13,5811,买盘
857,13:10:54,4.47,0.0,53,23666,买盘
858,13:11:21,4.47,0.0,7,3129,买盘
859,13:11:24,4.47,0.0,20,8940,买盘
860,13:11:39,4.47,0.0,5,2235,买盘
861,13:11:42,4.46,-0.01,50,22300,卖盘
862,13:11:57,4.46,0.0,14,6244,卖盘
863,13:12:00,4.46,0.0,600,267600,卖盘
864,13:12:33,4.46,0.0,11,4906,卖盘
865,13:12:54,4.47,0.01,23,10281,买盘
866,13:13:01,4.47,0.0,1,447,买盘
867,13:13:04,4.46,-0.01,2,892,卖盘
868,13:13:09,4.46,0.0,4,1784,卖盘
869,13:13:24,4.47,0.01,35,15645,买盘
870,13:13:27,4.47,0.0,12,5364,买盘
871,13:13:30,4.47,0.0,2,894,买盘
872,13:13:48,4.47,0.0,15,6723,买盘
873,13:13:54,4.48,0.01,1,448,买盘
874,13:14:06,4.48,0.0,14,6272,买盘
875,13:14:24,4.48,0.0,26,11648,买盘
876,13:14:36,4.48,0.0,200,89600,买盘
877,13:15:04,4.47,-0.01,1,447,卖盘
878,13:15:51,4.47,0.0,9,4023,卖盘
879,13:15:57,4.47,0.0,5,2235,卖盘
880,13:16:04,4.47,0.0,1,447,卖盘
881,13:16:09,4.48,0.01,1,448,买盘
882,13:16:18,4.47,-0.01,7,3218,卖盘
883,13:16:39,4.48,0.01,134,60032,买盘
884,13:17:04,4.47,-0.01,1,447,卖盘
885,13:17:09,4.48,0.01,1,448,买盘
886,13:17:18,4.48,0.0,1,448,买盘
887,13:17:30,4.48,0.0,21,9408,买盘
888,13:17:57,4.48,0.0,1,448,买盘
889,13:18:09,4.48,0.0,1,448,买盘
890,13:18:15,4.48,0.0,100,44800,买盘
891,13:18:30,4.48,0.0,21,9408,买盘
892,13:18:57,4.48,0.0,1,448,买盘
893,13:19:04,4.48,0.0,6,2688,买盘
894,13:19:12,4.47,-0.01,10,4470,卖盘
895,13:19:18,4.47,0.0,56,25032,卖盘
896,13:19:30,4.48,0.01,100,44800,买盘
897,13:19:39,4.47,-0.01,3,1341,卖盘
898,13:19:51,4.47,0.0,8,3576,卖盘
899,13:20:18,4.48,0.01,1,448,买盘
900,13:20:24,4.48,0.0,1,448,买盘
901,13:20:57,4.47,-0.01,28,12516,卖盘
902,13:21:04,4.47,0.0,1,447,卖盘
903,13:21:06,4.47,0.0,28,12516,卖盘
904,13:21:12,4.47,0.0,28,12516,卖盘
905,13:22:12,4.48,0.01,1,448,买盘
906,13:22:18,4.47,-0.01,72,32184,卖盘
907,13:22:21,4.48,0.01,11,4928,买盘
908,13:22:24,4.48,0.0,4,1792,买盘
909,13:22:30,4.48,0.0,50,22400,买盘
910,13:22:33,4.48,0.0,17,7616,买盘
911,13:22:36,4.48,0.0,2,896,买盘
912,13:22:39,4.48,0.0,6,2688,买盘
913,13:22:42,4.47,-0.01,11,4927,卖盘
914,13:22:45,4.48,0.01,1,448,买盘
915,13:22:57,4.48,0.0,1,448,买盘
916,13:23:27,4.48,0.0,6,2688,买盘
917,13:23:42,4.48,0.0,1,448,买盘
918,13:23:45,4.48,0.0,1,448,买盘
919,13:24:04,4.48,0.0,6,2688,买盘
920,13:24:12,4.48,0.0,1,448,买盘
921,13:24:15,4.48,0.0,1,448,买盘
922,13:24:18,4.48,0.0,1,448,买盘
923,13:24:27,4.48,0.0,10,4480,买盘
924,13:24:30,4.47,-0.01,17,7601,卖盘
925,13:24:33,4.48,0.01,1,448,买盘
926,13:24:36,4.48,0.0,5,2240,买盘
927,13:24:39,4.48,0.0,1,448,买盘
928,13:24:42,4.48,0.0,27,12096,买盘
929,13:24:45,4.48,0.0,7,3136,买盘
930,13:25:27,4.47,-0.01,1,447,卖盘
931,13:25:30,4.47,0.0,138,61686,卖盘
932,13:26:36,4.48,0.01,1,448,买盘
933,13:26:48,4.47,-0.01,5,2146,卖盘
934,13:26:51,4.48,0.01,1,448,买盘
935,13:26:54,4.48,0.0,1,448,买盘
936,13:27:27,4.48,0.0,20,8960,买盘
937,13:27:30,4.48,0.0,2,896,买盘
938,13:27:42,4.48,0.0,1,448,买盘
939,13:27:48,4.48,0.0,4,1792,买盘
940,13:27:51,4.48,0.0,2,896,买盘
941,13:27:54,4.48,0.0,2,896,买盘
942,13:28:15,4.48,0.0,23,10304,买盘
943,13:28:18,4.48,0.0,14,6272,买盘
944,13:28:21,4.48,0.0,3,1344,买盘
945,13:28:39,4.48,0.0,1,448,买盘
946,13:28:42,4.48,0.0,1,448,买盘
947,13:28:54,4.48,0.0,1,448,买盘
948,13:28:57,4.48,0.0,1,448,买盘
949,13:29:06,4.48,0.0,1,448,买盘
950,13:29:21,4.47,-0.01,10,4470,卖盘
951,13:29:39,4.48,0.01,1,448,买盘
952,13:29:42,4.48,0.0,1,448,买盘
953,13:30:03,4.47,-0.01,490,219030,卖盘
954,13:30:12,4.47,0.0,16,7152,卖盘
955,13:30:15,4.47,0.0,28,12516,卖盘
956,13:30:18,4.48,0.01,30,13411,买盘
957,13:30:21,4.47,-0.01,30,13410,卖盘
958,13:31:09,4.47,0.0,8,3576,卖盘
959,13:31:21,4.47,0.0,26,11622,卖盘
960,13:31:33,4.47,0.0,15,6715,卖盘
961,13:31:36,4.47,0.0,50,22350,卖盘
962,13:31:45,4.47,0.0,14,6258,卖盘
963,13:32:12,4.47,0.0,950,424650,卖盘
964,13:32:15,4.47,0.0,67,29949,卖盘
965,13:32:36,4.48,0.01,1,448,买盘
966,13:32:57,4.47,-0.01,1,447,卖盘
967,13:33:48,4.48,0.01,3,1344,买盘
968,13:34:18,4.48,0.0,1,448,买盘
969,13:34:33,4.48,0.0,26,11648,买盘
970,13:34:48,4.48,0.0,1,448,买盘
971,13:35:04,4.48,0.0,1,448,买盘
972,13:35:06,4.47,-0.01,15,6706,卖盘
973,13:35:09,4.48,0.01,4,1792,买盘
974,13:35:30,4.47,-0.01,1,447,卖盘
975,13:36:15,4.48,0.01,11,4928,买盘
976,13:36:42,4.47,-0.01,1,447,卖盘
977,13:37:03,4.48,0.01,11,4928,买盘
978,13:37:36,4.48,0.0,1,448,买盘
979,13:37:51,4.48,0.0,1,448,买盘
980,13:38:00,4.48,0.0,1,448,买盘
981,13:38:45,4.48,0.0,1,448,买盘
982,13:38:51,4.48,0.0,9,4032,买盘
983,13:38:54,4.48,0.0,1,448,买盘
984,13:39:09,4.48,0.0,8,3584,买盘
985,13:39:15,4.48,0.0,10,4480,买盘
986,13:39:18,4.48,0.0,1,448,买盘
987,13:39:21,4.48,0.0,1,448,买盘
988,13:40:30,4.47,-0.01,22,9835,卖盘
989,13:41:15,4.47,0.0,19,8582,卖盘
990,13:41:27,4.47,0.0,1,447,卖盘
991,13:42:15,4.47,0.0,20,8940,卖盘
992,13:42:36,4.48,0.01,26,11648,买盘
993,13:42:42,4.48,0.0,1,448,买盘
994,13:42:45,4.48,0.0,7,3136,买盘
995,13:43:15,4.48,0.0,1,448,买盘
996,13:43:18,4.48,0.0,7,3136,买盘
997,13:43:21,4.48,0.0,1,448,买盘
998,13:43:24,4.47,-0.01,20,8940,卖盘
999,13:43:27,4.47,0.0,20,8940,卖盘
1000,13:43:36,4.47,0.0,20,8940,卖盘
1001,13:44:04,4.47,0.0,8,3576,卖盘
1002,13:44:12,4.47,0.0,37,16539,卖盘
1003,13:44:18,4.48,0.01,34,15232,买盘
1004,13:44:45,4.47,-0.01,88,39336,卖盘
1005,13:44:57,4.47,0.0,16,7152,卖盘
1006,13:45:06,4.48,0.01,4,1792,买盘
1007,13:45:36,4.48,0.0,26,11648,买盘
1008,13:45:39,4.48,0.0,12,5376,买盘
1009,13:45:42,4.48,0.0,15,6720,买盘
1010,13:46:18,4.48,0.0,1,448,买盘
1011,13:46:39,4.47,-0.01,20,8940,卖盘
1012,13:46:45,4.48,0.01,13,5824,买盘
1013,13:47:00,4.48,0.0,2,896,买盘
1014,13:47:04,4.48,0.0,1,448,买盘
1015,13:47:06,4.47,-0.01,68,30396,卖盘
1016,13:47:12,4.47,0.0,28,12516,卖盘
1017,13:47:15,4.47,0.0,130,58110,卖盘
1018,13:47:18,4.47,0.0,62,27714,卖盘
1019,13:47:21,4.47,0.0,20,8940,卖盘
1020,13:47:24,4.47,0.0,7,3129,卖盘
1021,13:47:27,4.47,0.0,16,7152,卖盘
1022,13:47:30,4.47,0.0,1,447,卖盘
1023,13:47:33,4.47,0.0,3,1341,卖盘
1024,13:48:00,4.47,0.0,309,138182,卖盘
1025,13:48:33,4.47,0.0,10,4470,卖盘
1026,13:48:45,4.48,0.01,28,12517,买盘
1027,13:48:57,4.47,-0.01,65,29055,卖盘
1028,13:49:04,4.48,0.01,26,11648,买盘
1029,13:49:18,4.47,-0.01,146,65262,卖盘
1030,13:49:33,4.48,0.01,1,448,买盘
1031,13:49:51,4.48,0.0,8,3584,买盘
1032,13:49:54,4.48,0.0,24,10752,买盘
1033,13:50:09,4.47,-0.01,52,23244,卖盘
1034,13:50:12,4.47,0.0,23,10281,卖盘
1035,13:50:15,4.47,0.0,8,3576,卖盘
1036,13:50:18,4.47,0.0,1,447,卖盘
1037,13:50:21,4.47,0.0,1,447,卖盘
1038,13:50:24,4.47,0.0,21,9387,卖盘
1039,13:50:27,4.47,0.0,100,44700,卖盘
1040,13:50:36,4.47,0.0,5,2235,卖盘
1041,13:50:48,4.47,0.0,3,1341,卖盘
1042,13:50:57,4.47,0.0,2,894,卖盘
1043,13:51:12,4.47,0.0,23,10281,卖盘
1044,13:51:18,4.47,0.0,60,26820,卖盘
1045,13:51:24,4.48,0.01,1,448,买盘
1046,13:51:36,4.47,-0.01,15,6705,卖盘
1047,13:51:39,4.47,0.0,30,13410,卖盘
1048,13:51:57,4.47,0.0,260,116220,卖盘
1049,13:52:24,4.47,0.0,120,53640,卖盘
1050,13:52:30,4.47,0.0,100,44700,卖盘
1051,13:52:42,4.48,0.01,1,448,买盘
1052,13:52:48,4.47,-0.01,90,40230,卖盘
1053,13:53:09,4.47,0.0,346,154662,卖盘
1054,13:53:12,4.47,0.0,2,787,买盘
1055,13:53:21,4.47,0.0,3,1341,买盘
1056,13:54:21,4.47,0.0,191,85377,买盘
1057,13:54:24,4.47,0.0,74,33078,买盘
1058,13:54:27,4.47,0.0,43,19221,买盘
1059,13:54:30,4.47,0.0,19,8493,买盘
1060,13:54:33,4.47,0.0,7,3236,买盘
1061,13:54:36,4.48,0.01,2,896,买盘
1062,13:54:42,4.47,-0.01,12,5257,卖盘
1063,13:54:45,4.47,0.0,5,2235,买盘
1064,13:54:48,4.47,0.0,2,894,买盘
1065,13:55:12,4.47,0.0,10,4470,买盘
1066,13:55:15,4.47,0.0,2,894,买盘
1067,13:55:18,4.47,0.0,2,894,买盘
1068,13:55:39,4.47,0.0,139,62033,买盘
1069,13:55:42,4.47,0.0,47,21116,买盘
1070,13:55:51,4.47,0.0,12,5364,卖盘
1071,13:56:00,4.48,0.01,1,448,买盘
1072,13:56:04,4.48,0.0,1,448,买盘
1073,13:56:09,4.47,-0.01,100,44700,卖盘
1074,13:56:12,4.48,0.01,1,448,买盘
1075,13:56:33,4.48,0.0,5,2240,买盘
1076,13:57:12,4.47,-0.01,122,54534,卖盘
1077,13:57:30,4.48,0.01,1,448,买盘
1078,13:58:48,4.47,-0.01,16,7198,卖盘
1079,13:59:30,4.48,0.01,26,11648,买盘
1080,13:59:57,4.47,-0.01,100,44700,卖盘
1081,14:00:12,4.48,0.01,28,12544,买盘
1082,14:00:15,4.48,0.0,28,12544,买盘
1083,14:00:18,4.48,0.0,9,4032,买盘
1084,14:00:21,4.48,0.0,2,896,买盘
1085,14:00:24,4.48,0.0,3,1344,买盘
1086,14:00:45,4.48,0.0,2,896,买盘
1087,14:01:24,4.47,-0.01,14,6262,卖盘
1088,14:01:30,4.47,0.0,1,447,卖盘
1089,14:01:45,4.48,0.01,2,896,买盘
1090,14:01:48,4.48,0.0,2,896,买盘
1091,14:01:51,4.48,0.0,3,1344,买盘
1092,14:02:09,4.47,-0.01,10,4470,卖盘
1093,14:02:15,4.48,0.01,1,448,买盘
1094,14:02:27,4.48,0.0,3,1344,买盘
1095,14:02:30,4.48,0.0,6,2688,买盘
1096,14:02:45,4.48,0.0,26,11648,买盘
1097,14:02:48,4.48,0.0,11,4918,买盘
1098,14:03:03,4.48,0.0,16,7168,买盘
1099,14:03:09,4.48,0.0,124,55552,买盘
1100,14:03:12,4.48,0.0,272,121856,买盘
1101,14:03:15,4.48,0.0,109,48832,买盘
1102,14:03:18,4.48,0.0,37,16576,买盘
1103,14:03:21,4.48,0.0,11,4928,买盘
1104,14:03:24,4.48,0.0,1,448,买盘
1105,14:03:30,4.48,0.0,40,17920,买盘
1106,14:03:33,4.48,0.0,1569,702912,买盘
1107,14:03:39,4.49,0.01,220,98780,买盘
1108,14:03:42,4.49,0.0,219,98331,买盘
1109,14:03:45,4.48,-0.01,147,65877,卖盘
1110,14:03:48,4.48,0.0,121,54208,买盘
1111,14:03:54,4.49,0.01,12,5388,买盘
1112,14:04:06,4.49,0.0,26,11674,买盘
1113,14:04:18,4.49,0.0,4,1796,买盘
1114,14:04:27,4.49,0.0,103,46247,买盘
1115,14:04:30,4.49,0.0,6,2694,买盘
1116,14:04:33,4.48,-0.01,1,448,卖盘
1117,14:05:06,4.49,0.01,1,449,买盘
1118,14:05:33,4.49,0.0,20,8980,买盘
1119,14:05:36,4.49,0.0,2,898,买盘
1120,14:05:57,4.49,0.0,1,449,买盘
1121,14:06:15,4.49,0.0,50,22450,买盘
1122,14:06:18,4.49,0.0,6,2694,买盘
1123,14:06:54,4.49,0.0,200,89800,买盘
1124,14:06:57,4.49,0.0,20,8980,买盘
1125,14:07:00,4.49,0.0,1,449,买盘
1126,14:07:18,4.49,0.0,100,44900,买盘
1127,14:07:21,4.49,0.0,11,4939,买盘
1128,14:07:24,4.49,0.0,19,8531,买盘
1129,14:07:27,4.49,0.0,2,898,买盘
1130,14:07:42,4.49,0.0,1,449,买盘
1131,14:08:06,4.48,-0.01,14,6272,卖盘
1132,14:08:18,4.49,0.01,1,449,买盘
1133,14:08:21,4.49,0.0,1,449,买盘
1134,14:08:27,4.48,-0.01,2,897,卖盘
1135,14:08:42,4.48,0.0,216,96768,卖盘
1136,14:08:57,4.49,0.01,1,449,买盘
1137,14:09:06,4.48,-0.01,5,2240,卖盘
1138,14:09:24,4.49,0.01,13,5837,买盘
1139,14:09:27,4.49,0.0,22,9878,买盘
1140,14:09:30,4.49,0.0,4,1796,买盘
1141,14:09:33,4.48,-0.01,1,448,卖盘
1142,14:09:48,4.49,0.01,80,35911,买盘
1143,14:10:27,4.48,-0.01,1,448,卖盘
1144,14:10:33,4.49,0.01,21,9429,买盘
1145,14:10:36,4.49,0.0,1,449,买盘
1146,14:10:54,4.49,0.0,39,17511,买盘
1147,14:11:12,4.49,0.0,1,449,买盘
1148,14:11:15,4.49,0.0,30,13470,买盘
1149,14:11:18,4.49,0.0,844,378956,买盘
1150,14:11:21,4.49,0.0,85,38165,买盘
1151,14:11:24,4.49,0.0,12,5388,买盘
1152,14:11:30,4.49,0.0,107,47996,买盘
1153,14:11:33,4.49,0.0,78,35022,买盘
1154,14:11:36,4.49,0.0,9,4041,买盘
1155,14:11:39,4.49,0.0,1,449,买盘
1156,14:11:48,4.49,0.0,150,67350,买盘
1157,14:11:51,4.49,0.0,12,5388,买盘
1158,14:11:54,4.49,0.0,30,13470,买盘
1159,14:11:57,4.49,0.0,4,1796,买盘
1160,14:12:00,4.49,0.0,7,3143,买盘
1161,14:12:04,4.49,0.0,1,449,买盘
1162,14:12:09,4.49,0.0,131,58648,买盘
1163,14:12:12,4.5,0.01,14,6299,买盘
1164,14:12:15,4.5,0.0,1,450,买盘
1165,14:12:48,4.5,0.0,112,50400,买盘
1166,14:13:03,4.5,0.0,14,6300,买盘
1167,14:13:09,4.49,-0.01,14,6286,卖盘
1168,14:13:15,4.5,0.01,2,900,买盘
1169,14:13:18,4.5,0.0,26,11700,买盘
1170,14:13:24,4.49,-0.01,6,2694,卖盘
1171,14:13:30,4.5,0.01,1,450,买盘
1172,14:13:36,4.49,-0.01,50,22450,卖盘
1173,14:13:45,4.5,0.01,1,450,买盘
1174,14:14:06,4.5,0.0,61,27450,买盘
1175,14:14:09,4.5,0.0,2,900,买盘
1176,14:14:12,4.5,0.0,14,6300,买盘
1177,14:14:15,4.5,0.0,2,900,买盘
1178,14:14:21,4.5,0.0,1,450,买盘
1179,14:14:24,4.5,0.0,2,900,买盘
1180,14:14:27,4.5,0.0,1,450,买盘
1181,14:14:30,4.5,0.0,1,450,买盘
1182,14:14:33,4.49,-0.01,1,449,卖盘
1183,14:14:36,4.5,0.01,1,450,买盘
1184,14:14:42,4.5,0.0,1,450,买盘
1185,14:14:45,4.5,0.0,1,450,买盘
1186,14:14:54,4.5,0.0,174,78300,买盘
1187,14:14:57,4.5,0.0,12,5400,买盘
1188,14:15:04,4.5,0.0,1,450,买盘
1189,14:15:06,4.5,0.0,1,450,买盘
1190,14:15:12,4.5,0.0,1,450,买盘
1191,14:15:15,4.5,0.0,1,450,买盘
1192,14:15:18,4.49,-0.01,15,6736,卖盘
1193,14:15:24,4.5,0.01,1,450,买盘
1194,14:15:27,4.5,0.0,49,22002,买盘
1195,14:15:33,4.49,-0.01,56,25144,卖盘
1196,14:15:36,4.49,0.0,28,12572,卖盘
1197,14:15:54,4.5,0.01,9,4050,买盘
1198,14:16:04,4.49,-0.01,2,989,卖盘
1199,14:16:18,4.5,0.01,1,450,买盘
1200,14:16:27,4.5,0.0,1,450,买盘
1201,14:17:00,4.5,0.0,1,450,买盘
1202,14:17:04,4.5,0.0,3,1350,买盘
1203,14:17:07,4.5,0.0,1,450,买盘
1204,14:17:09,4.5,0.0,15,6736,买盘
1205,14:17:12,4.5,0.0,1,450,买盘
1206,14:17:15,4.5,0.0,1,450,买盘
1207,14:17:21,4.5,0.0,1,450,买盘
1208,14:17:36,4.5,0.0,97,43564,买盘
1209,14:17:39,4.49,-0.01,1,539,卖盘
1210,14:17:49,4.49,0.0,41,18409,卖盘
1211,14:17:51,4.5,0.01,15,6750,买盘
1212,14:17:54,4.5,0.0,2,900,买盘
1213,14:18:00,4.5,0.0,1,450,买盘
1214,14:18:06,4.5,0.0,1,450,买盘
1215,14:18:09,4.5,0.0,5,2250,买盘
1216,14:18:33,4.5,0.0,9,4050,买盘
1217,14:18:36,4.5,0.0,1,450,买盘
1218,14:18:42,4.49,-0.01,23,10148,卖盘
1219,14:18:48,4.5,0.01,1,450,买盘
1220,14:19:06,4.5,0.0,500,225000,买盘
1221,14:19:09,4.5,0.0,53,23895,买盘
1222,14:19:12,4.5,0.0,7,3150,买盘
1223,14:19:15,4.5,0.0,1,450,买盘
1224,14:19:27,4.49,-0.01,1,449,卖盘
1225,14:19:30,4.49,0.0,10,4490,卖盘
1226,14:19:33,4.49,0.0,11,4939,卖盘
1227,14:19:39,4.5,0.01,1,450,买盘
1228,14:19:48,4.5,0.0,1,450,买盘
1229,14:20:09,4.5,0.0,26,11700,买盘
1230,14:20:12,4.5,0.0,5,2250,买盘
1231,14:20:15,4.5,0.0,1,450,买盘
1232,14:20:24,4.49,-0.01,61,27479,卖盘
1233,14:20:27,4.49,0.0,1,449,卖盘
1234,14:20:45,4.5,0.01,1,450,买盘
1235,14:20:48,4.5,0.0,5,2250,买盘
1236,14:21:04,4.5,0.0,10,4500,买盘
1237,14:21:06,4.49,-0.01,121,54330,卖盘
1238,14:21:18,4.5,0.01,1,450,买盘
1239,14:21:27,4.49,-0.01,41,18416,卖盘
1240,14:21:30,4.49,0.0,40,17960,卖盘
1241,14:21:33,4.49,0.0,2,898,卖盘
1242,14:21:36,4.49,0.0,1,449,卖盘
1243,14:21:57,4.5,0.01,1,450,买盘
1244,14:22:06,4.5,0.0,1,450,买盘
1245,14:22:21,4.49,-0.01,11,4939,卖盘
1246,14:22:24,4.49,0.0,28,12572,卖盘
1247,14:22:27,4.49,0.0,2,899,卖盘
1248,14:22:30,4.49,0.0,33,14817,卖盘
1249,14:22:33,4.49,0.0,14,6286,卖盘
1250,14:22:36,4.49,0.0,42,18858,卖盘
1251,14:22:39,4.49,0.0,106,47594,卖盘
1252,14:22:48,4.49,0.0,70,31430,卖盘
1253,14:22:51,4.49,0.0,42,18858,卖盘
1254,14:22:54,4.49,0.0,185,83065,卖盘
1255,14:23:00,4.5,0.01,1,450,买盘
1256,14:23:21,4.5,0.0,100,45000,买盘
1257,14:23:27,4.49,-0.01,49,22001,卖盘
1258,14:23:30,4.49,0.0,21,9430,卖盘
1259,14:23:33,4.49,0.0,20,8980,卖盘
1260,14:23:39,4.49,0.0,50,22450,卖盘
1261,14:23:42,4.49,0.0,34,15266,卖盘
1262,14:23:45,4.49,0.0,28,12572,卖盘
1263,14:23:48,4.49,0.0,41,18409,卖盘
1264,14:23:51,4.5,0.01,25,11244,买盘
1265,14:23:54,4.49,-0.01,21,9429,卖盘
1266,14:23:57,4.49,0.0,75,33675,卖盘
1267,14:24:00,4.49,0.0,43,19307,卖盘
1268,14:24:04,4.49,0.0,38,17063,卖盘
1269,14:24:12,4.49,0.0,161,72290,卖盘
1270,14:24:21,4.49,0.0,40,17960,卖盘
1271,14:24:33,4.49,0.0,1,449,卖盘
1272,14:24:36,4.5,0.01,1,450,买盘
1273,14:24:51,4.49,-0.01,100,44900,卖盘
1274,14:24:57,4.49,0.0,60,26940,卖盘
1275,14:25:00,4.49,0.0,154,69146,卖盘
1276,14:25:04,4.49,0.0,84,37716,卖盘
1277,14:25:06,4.49,0.0,55,24695,卖盘
1278,14:25:12,4.5,0.01,1,450,买盘
1279,14:25:18,4.49,-0.01,162,72738,卖盘
1280,14:25:24,4.49,0.0,10,4490,卖盘
1281,14:25:27,4.48,-0.01,204,91595,卖盘
1282,14:25:39,4.49,0.01,1,449,买盘
1283,14:25:48,4.49,0.0,73,32777,买盘
1284,14:25:51,4.49,0.0,6,2694,买盘
1285,14:26:01,4.48,-0.01,100,44800,卖盘
1286,14:26:12,4.49,0.01,1,449,买盘
1287,14:26:27,4.48,-0.01,1,448,卖盘
1288,14:26:45,4.49,0.01,1,449,买盘
1289,14:26:48,4.49,0.0,1,449,买盘
1290,14:26:57,4.49,0.0,1,449,买盘
1291,14:27:00,4.48,-0.01,4,1792,卖盘
1292,14:27:04,4.48,0.0,38,17024,卖盘
1293,14:27:18,4.49,0.01,5,2245,买盘
1294,14:27:21,4.49,0.0,47,21103,买盘
1295,14:27:45,4.49,0.0,1,449,买盘
1296,14:27:54,4.48,-0.01,200,89600,卖盘
1297,14:27:57,4.49,0.01,15,6735,买盘
1298,14:28:06,4.49,0.0,43,19307,买盘
1299,14:28:09,4.48,-0.01,41,18189,卖盘
1300,14:28:12,4.48,0.0,23,10307,卖盘
1301,14:28:15,4.48,0.0,20,8960,卖盘
1302,14:28:18,4.49,0.01,1,449,买盘
1303,14:28:21,4.48,-0.01,14,6272,卖盘
1304,14:28:27,4.48,0.0,1,448,卖盘
1305,14:28:33,4.48,0.0,100,44800,卖盘
1306,14:28:45,4.48,0.0,20,8960,卖盘
1307,14:28:54,4.49,0.01,1,449,买盘
1308,14:28:57,4.48,-0.01,27,12186,卖盘
1309,14:29:03,4.48,0.0,20,8960,卖盘
1310,14:29:06,4.48,0.0,27,12096,卖盘
1311,14:29:12,4.48,0.0,28,12544,卖盘
1312,14:29:18,4.48,0.0,14,6272,卖盘
1313,14:29:24,4.48,0.0,13,5824,卖盘
1314,14:29:27,4.48,0.0,1,448,卖盘
1315,14:29:33,4.48,0.0,1,448,卖盘
1316,14:29:39,4.48,0.0,39,17472,卖盘
1317,14:30:06,4.48,0.0,7,3226,卖盘
1318,14:30:09,4.48,0.0,39,17472,卖盘
1319,14:30:12,4.48,0.0,20,8960,卖盘
1320,14:30:18,4.48,0.0,20,8960,卖盘
1321,14:30:24,4.48,0.0,34,15232,卖盘
1322,14:30:36,4.48,0.0,14,6272,卖盘
1323,14:30:45,4.48,0.0,3,1344,卖盘
1324,14:30:57,4.48,0.0,42,18816,卖盘
1325,14:31:00,4.48,0.0,20,8960,卖盘
1326,14:31:06,4.48,0.0,12,5376,卖盘
1327,14:31:09,4.48,0.0,2,896,卖盘
1328,14:31:12,4.48,0.0,2,896,卖盘
1329,14:31:15,4.48,0.0,2,896,卖盘
1330,14:31:24,4.48,0.0,17,7616,卖盘
1331,14:31:27,4.48,0.0,1,448,卖盘
1332,14:31:36,4.49,0.01,26,11674,买盘
1333,14:31:45,4.48,-0.01,20,8960,卖盘
1334,14:32:15,4.48,0.0,50,22400,卖盘
1335,14:32:27,4.48,0.0,1,448,卖盘
1336,14:32:45,4.48,0.0,20,8960,卖盘
1337,14:32:48,4.48,0.0,1,448,卖盘
1338,14:32:51,4.48,0.0,17,7616,卖盘
1339,14:32:54,4.48,0.0,3,1344,卖盘
1340,14:33:27,4.48,0.0,1,448,卖盘
1341,14:33:33,4.48,0.0,20,8960,卖盘
1342,14:33:39,4.48,0.0,20,8960,卖盘
1343,14:33:45,4.48,0.0,67,30016,卖盘
1344,14:33:48,4.48,0.0,34,15232,卖盘
1345,14:33:54,4.48,0.0,28,12544,卖盘
1346,14:34:01,4.48,0.0,19,8512,卖盘
1347,14:34:27,4.49,0.01,195,87555,买盘
1348,14:34:33,4.48,-0.01,41,18368,卖盘
1349,14:34:39,4.49,0.01,6,2694,买盘
1350,14:34:54,4.49,0.0,26,11674,买盘
1351,14:35:07,4.49,0.0,1,449,买盘
1352,14:35:09,4.49,0.0,6,2694,买盘
1353,14:35:12,4.48,-0.01,266,119171,卖盘
1354,14:35:15,4.49,0.01,4,1796,买盘
1355,14:35:24,4.48,-0.01,41,18389,卖盘
1356,14:35:30,4.49,0.01,33,14817,买盘
1357,14:35:33,4.48,-0.01,17,7616,卖盘
1358,14:35:36,4.48,0.0,2,896,卖盘
1359,14:35:48,4.49,0.01,39,17511,买盘
1360,14:36:09,4.48,-0.01,1,448,卖盘
1361,14:36:18,4.49,0.01,1,449,买盘
1362,14:36:36,4.48,-0.01,14,6272,卖盘
1363,14:36:42,4.48,0.0,5,2240,卖盘
1364,14:36:51,4.49,0.01,28,12572,买盘
1365,14:37:00,4.49,0.0,29,13021,买盘
1366,14:37:04,4.48,-0.01,6,2688,卖盘
1367,14:37:06,4.48,0.0,93,41664,卖盘
1368,14:37:42,4.48,0.0,38,17045,卖盘
1369,14:37:45,4.48,0.0,13,5834,卖盘
1370,14:37:48,4.49,0.01,1,449,买盘
1371,14:38:15,4.48,-0.01,3,1344,卖盘
1372,14:38:24,4.49,0.01,8,3592,买盘
1373,14:38:27,4.48,-0.01,1,448,卖盘
1374,14:38:45,4.48,0.0,20,8960,卖盘
1375,14:38:48,4.49,0.01,1,449,买盘
1376,14:39:21,4.48,-0.01,17,7616,卖盘
1377,14:39:24,4.48,0.0,16,7168,卖盘
1378,14:39:27,4.48,0.0,21,9408,卖盘
1379,14:39:33,4.48,0.0,1,448,卖盘
1380,14:39:42,4.48,0.0,50,22400,卖盘
1381,14:39:45,4.48,0.0,420,188160,卖盘
1382,14:39:48,4.48,0.0,34,15232,卖盘
1383,14:40:04,4.49,0.01,10,4481,买盘
1384,14:40:06,4.48,-0.01,20,8960,卖盘
1385,14:40:09,4.48,0.0,20,8960,卖盘
1386,14:40:12,4.48,0.0,36,16128,卖盘
1387,14:40:15,4.48,0.0,150,67200,卖盘
1388,14:40:18,4.48,0.0,137,61376,卖盘
1389,14:40:21,4.48,0.0,256,114688,卖盘
1390,14:40:24,4.48,0.0,35,15680,卖盘
1391,14:40:33,4.48,0.0,19,8512,卖盘
1392,14:40:54,4.48,0.0,20,8960,卖盘
1393,14:41:06,4.48,0.0,6,2688,卖盘
1394,14:41:09,4.48,0.0,72,32256,卖盘
1395,14:41:15,4.48,0.0,20,8960,卖盘
1396,14:41:24,4.48,0.0,50,22400,卖盘
1397,14:41:27,4.48,0.0,1,448,卖盘
1398,14:41:31,4.48,0.0,28,12544,卖盘
1399,14:41:33,4.48,0.0,19,8512,卖盘
1400,14:41:36,4.48,0.0,36,16128,卖盘
1401,14:41:39,4.48,0.0,27,12132,卖盘
1402,14:41:43,4.48,0.0,1,448,买盘
1403,14:41:45,4.48,0.0,72,32256,买盘
1404,14:41:48,4.48,0.0,19,8476,买盘
1405,14:41:54,4.48,0.0,38,17060,卖盘
1406,14:41:57,4.48,0.0,72,32220,买盘
1407,14:42:00,4.48,0.0,13,5824,卖盘
1408,14:42:09,4.48,0.0,23,10304,卖盘
1409,14:42:45,4.48,0.0,2,538,卖盘
1410,14:43:07,4.48,0.0,100,44800,卖盘
1411,14:43:10,4.48,0.0,101,45248,卖盘
1412,14:43:12,4.49,0.01,26,11674,买盘
1413,14:43:15,4.48,-0.01,20,8960,卖盘
1414,14:43:24,4.48,0.0,13,5824,卖盘
1415,14:43:54,4.48,0.0,12,5376,卖盘
1416,14:43:57,4.48,0.0,28,12544,卖盘
1417,14:44:00,4.49,0.01,19,8531,买盘
1418,14:44:04,4.48,-0.01,49,21952,卖盘
1419,14:44:06,4.49,0.01,1,449,买盘
1420,14:44:09,4.48,-0.01,50,22400,卖盘
1421,14:44:21,4.48,0.0,19,8512,卖盘
1422,14:44:27,4.48,0.0,12,5376,卖盘
1423,14:44:33,4.48,0.0,41,18368,卖盘
1424,14:44:51,4.48,0.0,14,6272,卖盘
1425,14:45:06,4.48,0.0,20,8960,卖盘
1426,14:45:09,4.48,0.0,1,448,卖盘
1427,14:45:12,4.49,0.01,26,11674,买盘
1428,14:45:15,4.48,-0.01,13,5824,卖盘
1429,14:45:18,4.48,0.0,10,4480,卖盘
1430,14:45:21,4.48,0.0,7,3136,卖盘
1431,14:45:30,4.48,0.0,2,896,卖盘
1432,14:45:33,4.48,0.0,3,1613,卖盘
1433,14:45:51,4.48,0.0,30,13440,卖盘
1434,14:45:54,4.48,0.0,25,11200,卖盘
1435,14:45:57,4.49,0.01,24,10776,买盘
1436,14:46:09,4.48,-0.01,222,99672,卖盘
1437,14:46:21,4.48,0.0,18,8064,卖盘
1438,14:46:24,4.48,0.0,20,8960,卖盘
1439,14:46:33,4.49,0.01,1,449,买盘
1440,14:46:39,4.49,0.0,118,52965,买盘
1441,14:46:42,4.48,-0.01,30,13440,卖盘
1442,14:46:51,4.49,0.01,1,449,买盘
1443,14:46:54,4.48,-0.01,11,4928,卖盘
1444,14:46:57,4.48,0.0,20,8960,卖盘
1445,14:47:27,4.48,0.0,34,15232,卖盘
1446,14:47:30,4.48,0.0,33,14784,卖盘
1447,14:47:33,4.48,0.0,121,54208,卖盘
1448,14:47:36,4.49,0.01,14,6286,买盘
1449,14:47:42,4.48,-0.01,25,11200,卖盘
1450,14:47:45,4.48,0.0,39,17562,卖盘
1451,14:47:48,4.47,-0.01,96,42992,卖盘
1452,14:47:51,4.48,0.01,17,7616,买盘
1453,14:47:54,4.48,0.0,66,29476,买盘
1454,14:48:04,4.48,0.0,51,22848,卖盘
1455,14:48:15,4.49,0.01,70,31430,买盘
1456,14:48:42,4.48,-0.01,5,2240,卖盘
1457,14:48:51,4.49,0.01,2,898,买盘
1458,14:48:54,4.48,-0.01,1,448,卖盘
1459,14:49:00,4.48,0.0,6,2688,卖盘
1460,14:49:06,4.48,0.0,19,8512,卖盘
1461,14:49:09,4.48,0.0,14,6272,卖盘
1462,14:49:15,4.48,0.0,14,6272,卖盘
1463,14:49:18,4.48,0.0,10,4480,卖盘
1464,14:49:21,4.49,0.01,26,11674,买盘
1465,14:49:34,4.48,-0.01,1,448,卖盘
1466,14:49:42,4.49,0.01,2,898,买盘
1467,14:49:48,4.48,-0.01,83,37184,卖盘
1468,14:49:54,4.48,0.0,2,896,卖盘
1469,14:50:00,4.48,0.0,100,44800,卖盘
1470,14:50:04,4.48,0.0,9,4032,卖盘
1471,14:50:06,4.48,0.0,20,8960,卖盘
1472,14:50:18,4.48,0.0,27,12096,卖盘
1473,14:50:21,4.48,0.0,8,3584,卖盘
1474,14:50:24,4.48,0.0,13,5824,卖盘
1475,14:50:27,4.48,0.0,59,26432,卖盘
1476,14:50:54,4.48,0.0,1,448,卖盘
1477,14:50:57,4.48,0.0,3,1344,卖盘
1478,14:51:06,4.48,0.0,15,6720,卖盘
1479,14:51:09,4.48,0.0,2,896,卖盘
1480,14:51:12,4.49,0.01,13,5837,买盘
1481,14:51:24,4.48,-0.01,2,896,卖盘
1482,14:51:36,4.48,0.0,19,8512,卖盘
1483,14:51:42,4.49,0.01,3,1347,买盘
1484,14:51:48,4.49,0.0,10,4490,买盘
1485,14:51:54,4.49,0.0,2,898,买盘
1486,14:52:06,4.48,-0.01,14,6272,卖盘
1487,14:52:09,4.48,0.0,10,4480,卖盘
1488,14:52:57,4.48,0.0,10,4480,卖盘
1489,14:53:00,4.49,0.01,2,898,买盘
1490,14:53:04,4.48,-0.01,44,19755,卖盘
1491,14:53:09,4.49,0.01,16,7184,买盘
1492,14:53:18,4.49,0.0,18,8082,买盘
1493,14:53:27,4.49,0.0,5,2245,买盘
1494,14:53:30,4.49,0.0,11,4939,买盘
1495,14:53:33,4.49,0.0,2,898,买盘
1496,14:53:42,4.49,0.0,3,1347,买盘
1497,14:53:48,4.49,0.0,11,4939,买盘
1498,14:53:57,4.49,0.0,1,449,买盘
1499,14:54:00,4.49,0.0,2,898,买盘
1500,14:54:04,4.48,-0.01,365,163641,卖盘
1501,14:54:18,4.49,0.01,26,11674,买盘
1502,14:54:30,4.48,-0.01,117,52420,卖盘
1503,14:54:33,4.48,0.0,21,9409,卖盘
1504,14:54:57,4.48,0.0,50,22400,卖盘
1505,14:55:04,4.49,0.01,3,1346,买盘
1506,14:55:09,4.48,-0.01,33,14784,卖盘
1507,14:55:12,4.49,0.01,1,449,买盘
1508,14:55:21,4.49,0.0,143,64207,买盘
1509,14:55:24,4.48,-0.01,20,8960,卖盘
1510,14:55:36,4.49,0.01,105,47145,买盘
1511,14:55:39,4.48,-0.01,35,15680,卖盘
1512,14:55:45,4.49,0.01,2,898,买盘
1513,14:55:48,4.48,-0.01,439,196672,卖盘
1514,14:55:54,4.48,0.0,94,42112,卖盘
1515,14:55:57,4.49,0.01,49,21978,买盘
1516,14:56:00,4.48,-0.01,56,25088,卖盘
1517,14:56:04,4.48,0.0,2,896,卖盘
1518,14:56:06,4.48,0.0,100,44800,卖盘
1519,14:56:09,4.48,0.0,554,248192,卖盘
1520,14:56:12,4.48,0.0,95,42560,卖盘
1521,14:56:15,4.47,-0.01,281,126030,卖盘
1522,14:56:18,4.48,0.01,1,448,买盘
1523,14:56:21,4.48,0.0,1,448,买盘
1524,14:56:24,4.48,0.0,9,4032,买盘
1525,14:56:27,4.48,0.0,390,174335,买盘
1526,14:56:30,4.48,0.0,45,20160,买盘
1527,14:56:36,4.47,-0.01,231,103257,卖盘
1528,14:56:39,4.48,0.01,58,25936,买盘
1529,14:56:42,4.48,0.0,123,55104,买盘
1530,14:56:45,4.48,0.0,61,27328,卖盘
1531,14:56:48,4.48,0.0,98,43904,卖盘
1532,14:56:51,4.48,0.0,43,19264,卖盘
1533,14:56:57,4.48,0.0,20,8960,卖盘
1534,15:00:04,4.47,-0.01,567,253449,卖盘
